3022 5032
706 312 747 378 15

141 517 236 602 ταφίῳ
260 515 311 577 καὶ
331 523 375 598 τῷ
391 506 568 598 Ὀλυμπικῷ
583 506 603 591 ¹)
627 507 694 570 vel:
720 511 752 575 ὃν
774 508 840 591 (τὸν
861 509 1071 599 πανηγυρικόν)
1090 517 1316 601 μετενηνοχέναι

141 623 175 685 ἐκ
197 629 251 684 τοῦ
275 623 399 706 Γοργίου
423 622 475 683 καὶ
498 615 655 699 Avolent)

233 724 315 788 Item
361 744 416 804 ea,
465 745 548 809 qnae
590 721 815 786 Hoelseherus
836 719 887 784 'iu
930 723 1097 807 epitaphio
1138 722 1313 810 vituperat,

141 831 229 918 qued
250 831 412 915 eopiosior
436 831 477 892 sit
499 831 529 892 iu
547 827 666 892 tabulis
690 839 722 891 et
745 827 972 915 philosophiae
989 830 1136 894 umbram
1153 830 1314 913 redoleat,

141 937 221 1003 nihil
245 937 366 1006 valent.
406 935 493 1001 Nam
518 936 603 1022 qued
630 936 812 1000 lseeratem
835 935 1063 1022 philosophum
1085 936 1188 1002 fuisse
1212 948 1314 1023 putat,

143 1044 351 1110 vehementer
390 1054 487 1121 eunt,
530 1065 728 1127 quampiam
774 1042 966 1126 saepissimo
1018 1044 1059 1107 de
1109 1042 1316 1130 philosophia

144 1174 204 1215 sua
226 1150 381 1236 loquitur.
429 1149 464 1215 Si
489 1148 566 1236 quid
590 1148 692 1233 igitur
720 1148 808 1233 apud
831 1151 964 1234 Lysiam
995 1149 1221 1236 philosophiae
1246 1174 1314 1214 urn-

144 1258 234 1323 hram
258 1258 414 1338 redoleat,
451 1255 539 1343 quod
561 1279 654 1340 nego,
691 1256 732 1320 ab
761 1257 910 1322 lsoerate
948 1261 1037 1322 certe
1060 1280 1126 1324 non
1151 1267 1316 1322 mutuatus

142 1376 199 1431 est.
250 1366 326 1431 Solo
362 1385 442 1429 vero
477 1367 612 1447 turgore
647 1385 764 1447 parum
800 1363 996 1448 proficimus,
1039 1388 1112 1429 enm
1149 1365 1313 1430 Isocrates

141 1473 287 1538 imitator
322 1471 455 1537 nimiam
493 1470 669 1534 verborum
709 1469 946 1536 abundantiam
982 1471 1128 1537 minuere
1167 1474 1315 1558 potnerit.

141 1581 215 1648 Nisi
239 1581 324 1645 forle
350 1602 390 1644 ex
419 1578 492 1665 ipsa
516 1581 679 1642 sententia
703 1578 920 1642 demonstrari
944 1589 1058 1663 potest,
1084 1590 1189 1655 utrum
1215 1578 1248 1644 in
1271 1579 1316 1642 le-

143 1712 217 1752 cum
240 1709 424 1773 nexumque
449 1687 538 1749 initio
564 1687 748 1769 excogitata
778 1688 827 1764 sit,
859 1685 1087 1751 difficillimum
1111 1696 1161 1749 est
1186 1710 1227 1751 ex
1251 1711 1315 1751 me-

143 1795 223 1861 liore
247 1794 303 1860 vel
328 1796 438 1877 peiore
462 1791 592 1856 dicendi
614 1814 734 1876 genere
763 1802 927 1857 auctorem
964 1793 1185 1878 comprobare.
1219 1794 1316 1859 Certe

146 1885 406 1965 accuratissima
429 1901 619 1986 quaestione
644 1921 727 1984 opus
753 1904 814 1982 est,
841 1924 938 1988 quam
964 1905 1077 1965 tamon
1108 1903 1196 1986 apud
1220 1901 1317 1968 Heel-

149 2007 300 2072 seherum
323 2029 388 2072 uon
411 2008 604 2071 invenimus¹
650 2007 790 2091 Figurae
816 2019 924 2072 antem
965 2010 1122 2074 oratoriae
1160 2007 1316 2094 epitaphii

150 2138 216 2178 uon
240 2114 381 2190 Isocrati
406 2113 463 2177 sed
489 2113 630 2200 Gorgiae
656 2113 769 2179 deberi
792 2119 907 2179 notum
934 2127 991 2179 est.

236 2222 348 2305 Longe
372 2219 468 2285 aliter
503 2243 580 2285 vero
605 2221 713 2285 iudico
739 2221 778 2286 de
815 2221 868 2285 ille
893 2227 1097 2307 argumente,
1133 2222 1222 2308 apud
1248 2223 1317 2286 Iso-

145 2340 267 2393 cratem
303 2330 411 2394 omnia
441 2352 484 2391 ex
520 2339 712 2413 argumento
748 2329 967 2411 efflorescere,
1009 2333 1206 2414 praesertim
1243 2354 1317 2395 eum

143 2420 298 2500 llobrous
323 2437 476 2520 optimum
503 2435 688 2522 exemplum
704 2436 829 2501 afferat.
875 2436 1010 2522 Lysiam
1036 2438 1121 2502 enim
1136 2438 1317 2503 Athenien·

145 2567 214 2608 sem
239 2542 327 2629 apud
351 2542 438 2606 illius
462 2543 620 2627 temporis
646 2545 745 2626 aives,
772 2547 849 2631 quin
878 2545 1055 2629 vapularet,
1080 2547 1114 2608 iu
1137 2547 1258 2610 Persas
1283 2551 1319 2610 et

145 2649 311 2715 (lenonem
349 2649 462 2715 invehi
499 2672 565 2714 non
604 2652 752 2734 potuisse
793 2651 878 2716 dieit.
926 2653 1080 2717 Isocratis
1105 2664 1216 2718 eontra
1243 2676 1316 2717 eum

145 2755 310 2841 proposito
335 2759 456 2842 optime
481 2756 514 2821 id
543 2759 728 2822 convenire.
777 2790 780 2796 ·

234 2863 299 2928 Sed
322 2865 385 2928 nisi
409 2864 504 2949 plura
528 2863 673 2929 eiusdem
688 2868 817 2950 generis
834 2865 948 2945 addae,
973 2889 1101 2950 vereor,
1127 2892 1167 2932 no
1195 2869 1316 2953 Lysiae

144 2969 371 3036 delenseribus
406 2995 471 3035 nen
506 2972 725 3057 persuadeaS,
758 2973 948 3058 praesertim
984 2997 1057 3044 eum
1091 2960 1166 3060 ipsi*
1188 2958 1317 3062 queque

145 3077 363 3163 compluribus
398 3064 479 3143 lheis
502 3081 655 3158 nitantur,
692 3102 733 3142 ex
770 3079 887 3165 quibus
924 3083 1121 3146 eontrarium
1156 3103 1316 3168 apparere

144 3189 268 3270 putent.
689 3190 693 3197 ’

234 3291 348 3378 Itaque
387 3316 459 3358 eam
495 3296 718 3381 quaestionem
758 3293 944 3359 accuratius
986 3296 1188 3360 tractandam
1236 3296 1315 3362 mihi

142 3401 308 3484 proposui.

234 3579 241 3607 ¹
246 3587 253 3640 ν
275 3576 373 3631 Theon
392 3582 406 3634 Ι
424 3578 437 3620 ⁴
452 3588 517 3632 aros·

236 3666 258 3734 ²)
278 3666 352 3720 Plut.
371 3665 432 3719 vita
458 3667 600 3723 Isocratis.
639 3669 719 3722 Phot.
741 3668 1016 3723 cod.260Philost1·.
1037 3671 1085 3723 vit.
1106 3671 1183 3739 soph.
1202 3672 1216 3726 1
1236 3671 1277 3724 17.
