3022 5032
693 311 711 372 7

116 508 195 573 dicit
206 506 242 593 1)τ
272 513 508 599 παραδείγματα
535 511 635 574 αὐτῶν
665 504 739 591 (τῶν
769 505 939 598 ἐπιταφίων)
971 512 1036 575 ἐστί
1058 534 1112 576 που
1136 514 1188 576 καὶ
1210 517 1290 601 παρά

113 628 179 696 τοῖς
201 621 346 707 άρχαίυις,
371 625 425 682 τοῦ
450 621 505 705 μὲν
527 625 626 683 κοινοῦ
649 619 702 680 καὶ
723 619 875 681 πολιτικοῦ
899 621 979 704 παρά
1001 641 1037 704 γε
1060 628 1105 704 τῷ
1127 627 1181 683 τοῦ
1197 615 1289 684 Ὀλί-

113 751 163 814 ρου
186 729 244 816 καὶΙ
261 729 342 812 παρὰ
370 735 414 812 τῷ
442 733 496 789 τοῦ
519 721 710 812 Ἀρίστωνος.
758 724 876 800 Λυσίας
904 748 940 788 τε
967 727 1019 788 καὶ
1039 725 1213 813 Ὑπερείδης
1238 730 1290 791 καὶ

113 838 128 899 θ
152 836 314 910 Παιανιεὺς
341 835 392 898 καὶ
422 834 437 896 θ
467 840 520 896 τοῦ
545 834 726 919 Σωκράτους
749 832 869 919 ἑταῖρος
891 833 1076 920 Ναυκράτης
1105 835 1226 911 πολλὰς
1256 838 1289 916 ἡ·

115 951 163 1030 μῖν
190 942 337 1018 τοιαύτας
364 941 452 1018 ἰδέας
474 944 668 1028 παρέσχοντο.
715 936 787 1000 Hoc
815 935 886 1000 loco
916 937 969 1020 qui
1001 947 1291 1001 commemorantur

116 1043 274 1130 epitaphii
296 1053 431 1130 praeter
454 1042 634 1109 Naucratis
659 1042 747 1105 illum
776 1064 887 1107 omnes
917 1044 1039 1106 servati
1068 1053 1152 1120 sunt,
1184 1065 1289 1130 neque

116 1151 283 1230 habemuS,
308 1173 366 1215 cur
389 1154 571 1214 statuamus
592 1149 789 1232 Dionysium
813 1149 909 1212 aliam
934 1149 1114 1214 orationem
1137 1149 1192 1215 illo
1215 1150 1290 1215 loco

117 1263 214 1343 atque
238 1258 326 1322 hunc
350 1257 563 1344 epitaphium,
597 1259 651 1342 qm
682 1255 743 1320 sub
768 1255 888 1340 Lysiae
917 1257 1046 1321 nominc
1071 1257 1112 1320 ad
1136 1280 1196 1323 nos
1219 1279 1290 1343 per·

116 1365 213 1447 venit,
255 1363 471 1449 significasse.
532 1364 614 1427 Nam
649 1363 825 1428 tenendum
861 1373 909 1428 est
944 1363 1119 1450 scripsisse
1155 1365 1292 1449 Lysiam

116 1472 300 1559 epitaphios
327 1471 374 1556 (cf
404 1494 436 1557 p.
462 1473 482 1535 2
507 1481 538 1536 et
561 1494 592 1556 p.
620 1470 684 1554 14),
711 1472 765 1555 qui
789 1470 933 1535 Theonis
956 1470 1159 1558 temporibus
1185 1482 1291 1537 exsta-

28 1648 30 1653 ,
116 1581 234 1664 bant‘2).
264 1580 380 1665 ltaque
406 1602 446 1642 ex
471 1601 510 1642 eo
535 1578 617 1665 ipso,
652 1579 738 1664 quod
762 1578 960 1663 Dionysium
993 1581 1172 1644 orationem
1202 1579 1292 1646 fitne·

115 1688 207 1752 brom
233 1709 394 1774 nusquam
418 1685 647 1772 reprehendit,
678 1709 751 1750 cum
783 1686 960 1749 identidem
994 1686 1078 1751 illud
1107 1689 1292 1751 orationum

115 1815 219 1878 genus
245 1803 482 1875 commemoret,
512 1816 585 1857 eum
615 1792 701 1857 hunc
733 1792 936 1880 epitaphium
968 1804 999 1855 et
1030 1796 1225 1877 cognovisse
1258 1799 1293 1859 et

119 1899 351 1985 comprobasse
375 1899 575 1985 colligemus.

206 2006 496 2093 Harpocrationem
520 2031 597 2073 vero
623 2031 664 2071 ex
688 2006 990 2072 Alexandrinorum
1010 2001 1109 2073 tibris
1140 2007 1291 2074 hausisse

119 2123 253 2178 constat.
313 2113 348 2180 Si
381 2116 480 2199 igitur
515 2116 592 2206 sine,
620 2113 686 2178 ulla
722 2112 921 2179 dubitatione
958 2116 1136 2181 orationem
1170 2115 1292 2200 Lysiae

116 2219 290 2302 adiudicat,
315 2221 379 2285 nisi
402 2221 605 2306 gravissimis
630 2223 738 2286 causis
762 2224 840 2285 moti
862 2246 928 2285 non
952 2221 1191 2288 dissentiemus

208 2327 273 2394 Sed
297 2330 362 2392 iam
386 2329 580 2393 accedamus
611 2329 652 2392 ad
675 2327 866 2393 Aristotelis
889 2328 996 2393 locum
1019 2329 1107 2393 Rhet
1129 2329 1182 2393 ΙΙΙ
1207 2330 1290 2411 10‚7.

117 2441 169 2504 καὶ
192 2437 254 2504 οἷον
278 2441 374 2526 ἐντῷ
398 2441 548 2529 ἐπιταφίῳ
595 2443 673 2504 διότι
697 2440 779 2518 ἄξιον
802 2439 837 2521 ἧν
861 2441 907 2504 ἐπὶ
930 2451 973 2527 τῷ
997 2444 1084 2529 τάφῳ
1110 2451 1153 2527 τῷ
1176 2450 1238 2504 τῶν
1262 2442 1292 2505 ἐν

119 2549 267 2634 Σαλαμῖνι
304 2549 552 2628 τελευτησάντων
590 2549 748 2635 κείρασθαι
785 2550 841 2628 τὴν
876 2548 1022 2612 Ἑλλάδα
1061 2553 1104 2626 ὡς
1139 2571 1293 2634 συγκατα-

119 2656 315 2741 θαπτομένης
336 2661 377 2744 τῇ
401 2655 494 2742 ἀρετῇ
519 2655 618 2718 αὐτῶν
641 2663 699 2735 τῆς
722 2656 900 2741 ἐλευθερίας
916 2659 947 2713 et
964 2650 1191 2730 deliberemus,
1216 2673 1293 2714 num

120 2755 170 2820 his
203 2756 314 2821 verbis
345 2757 471 2843 Lysiae
503 2756 664 2843 epitaphii
692 2759 710 2840 ἓ
734 2758 776 2822 60
808 2756 900 2821 citari
923 2760 1080 2844 potuerit:
1117 2758 1186 2839 dige’
1212 2760 1294 2838 ἄξιον

119 2867 156 2950 ἦν
184 2869 230 2933 ἐπὶ
256 2871 338 2955 τῷδε
371 2878 415 2955 τῷ
446 2871 533 2958 τάρῳ
561 2870 634 2932 τότε
661 2870 820 2956 κείρασθαι
849 2877 889 2955 τῇ
911 2869 1045 2934 Ἑλλάδι
1074 2872 1125 2933 καὶ
1147 2870 1295 2950 πενθῆσαι

116 2980 189 3052 τοὺς
204 2975 317 3040 ἐνθάδε
332 2975 487 3062 κειμένους
504 2981 546 3052 ὡς
563 2977 897 3062 συγκαταθαπτομένης
912 2984 971 3057 τῆς
994 2980 1094 3040 αὑτῶν
1118 2976 1296 3063 ἐλευθερίας

118 3090 158 3171 τῇ
180 3083 296 3148 τούτων
320 3083 422 3173 ἀρετῇ.

209 3184 426 3250 Aristotelem
449 3186 555 3271 Lysia
579 3210 644 3249 non
668 3189 835 3251 nominato
859 3197 967 3251 tamen
992 3185 1038 3254 dc,
1057 3188 1127 3249 cius
1144 3187 1291 3252 oratione

119 3291 184 3356 iam
219 3291 344 3377 pridem
379 3291 487 3357 habita
523 3293 698 3357 admonere
734 3293 880 3379 potuisse
910 3293 1056 3357 Diclsius
1080 3315 1140 3356 nos
1173 3293 1292 3358 docuit.

117 3399 281 3464 llabuisse
306 3399 391 3464 enim
415 3401 543 3464 videtur
561 3399 756 3463 Aristoteles
775 3410 899 3464 certum
917 3402 1096 3464 orationum
1112 3421 1293 3481 numerum,

117 3507 202 3571 unde
227 3506 377 3592 exempla
400 3506 543 3592 petebat,
569 3517 603 3570 ut
627 3507 841 3589 auditoribus,
867 3507 924 3571 nbi
940 3506 1057 3571 leviter
1074 3506 1179 3571 locum
1197 3507 1295 3590 signi-

117 3614 247 3693 ficabat,
273 3615 385 3678 statim
401 3615 637 3679 obversaretur.
684 3614 800 3699 Itaque
817 3637 922 3701 neque
940 3624 1106 3680 auctorem
1125 3611 1294 3700 appellare

118 3745 225 3807 neque
260 3730 411 3786 accurate
447 3722 489 3785 ad
519 3722 653 3786 verbum
685 3745 758 3786 enm
792 3723 893 3786 citare
923 3721 1101 3803 oportebat,
1128 3743 1203 3783 cum
1226 3742 1294 3784 om·
1379 3808 1382 3812 Ι

119 3850 179 3892 nes
195 3850 292 3913 quem
316 3827 438 3894 diceret
461 3827 558 3892 facile
574 3827 814 3912 intellegerent.
862 3829 979 3914 Itaque
996 3830 1060 3891 nisi
1076 3826 1116 3890 de
1136 3825 1296 3913 epitaphii

118 3933 191 3999 loco
220 3945 380 4019 ageretur,
417 3936 568 4022 equidem
595 3960 661 3999 non
693 3935 888 4018 dubitarem,
927 3938 1002 4021 qnin
1034 3926 1229 3999 Aristoteles
1255 3956 1296 3997 ex

208 4114 228 4178 ¹)
248 4129 293 4166 ars
312 4114 378 4167 rhet
395 4112 442 4168 Vl.
461 4132 489 4182 p.
509 4113 561 4166 259
579 4112 612 4166 R.

205 4203 226 4272 ²)
246 4199 282 4260 of.
301 4200 422 4256 Theonis
441 4219 521 4270 prcg.
540 4220 568 4271 p.
588 4199 622 4254 68
641 4199 748 4270 Speng:
768 4194 858 4272 ἔχομεν
876 4243 881 4255 .
896 4244 903 4258 .
919 4239 945 4256 ..
966 4189 1056 4255 Λυσίου
1075 4201 1135 4254 τοδε
1153 4195 1296 4266 ἐπιταφίους

117 4289 241 4360 itemque
259 4307 287 4360 p.
307 4290 341 4343 63
362 4289 408 4359 Sp.
437 4290 517 4358 εὕροις
544 4289 568 4343 δ’
589 4289 618 4345 ἂν
646 4290 688 4344 καὶ
706 4293 774 4357 παρὰ
792 4288 929 4357 Ἰσοκράτει
948 4290 973 4343 tv
991 4294 1025 4357 τῷ
1045 4290 1202 4355 πανηγυρικῷ
1220 4289 1252 4340 τὰ
1271 4283 1296 4342 ἐν

116 4383 152 4446 td
170 4377 260 4438 Λυσίου
279 4376 398 4447 ἐπιταφίῳ
417 4377 458 4432 καὶ
476 4381 511 4446 τῷ
529 4376 683 4447 Ὀλυμπικῷ.
