3022 5032
740 277 759 340 8

166 498 255 541 more
291 482 349 538 suo
386 473 574 539 memoriter
609 473 792 539 citavisset.
840 472 938 539 Nune
974 476 1085 537 autem
1118 473 1152 539 id
1189 477 1337 539 statuere

169 585 321 646 vetemur
344 603 392 662 eo,
418 581 504 668 qnod
529 578 714 645 sententiae
740 579 787 642 illi
813 581 912 643 etiam
936 579 1006 643 aliis
1031 580 1111 644 loeis
1136 585 1336 647 occurrimus

167 688 255 751 velut
278 687 365 772 ιιμυι]
383 689 564 772 [lycurgum
584 688 697 750 lieoer.
722 686 783 750 50:
810 691 892 777 μίνυί
907 693 964 777 γάρ
980 699 1040 754 τῶν
1057 695 1194 757 ἁπάντων
1209 695 1264 774 τὴν
1280 702 1338 774 τῆς

164 799 325 875 Ἑλλάδος
359 799 531 885 ἐλευθερίαν
565 798 596 860 ἐν
629 804 696 873 τοῖς
730 796 844 859 ἑαυτῶν
882 801 1015 884 σώμασιν
1054 796 1137 887 είχον
1178 802 1242 888 άμα
1279 804 1337 888 γάρ

168 903 249 970 οὗτοί
271 930 306 969 τε
338 908 391 969 τὸν
414 905 477 992 βίον
509 904 705 990 μετήλλαξαν
731 905 783 968 καὶ
805 907 846 966 τὰ
869 911 923 983 τῆς
944 902 1104 982 Ἑλλάδος
1128 908 1172 983 εἰς
1198 911 1338 972 δουλείαν

171 1018 338 1099 μετέπεσεν·
398 1014 549 1099 συνετάφη
585 1014 642 1097 γὰρ
677 1019 742 1088 τοῖς
775 1011 889 1074 τούτων
925 1015 1057 1096 σώμασιν
1087 1015 1105 1092 ἡ
1140 1023 1200 1077 τῶν
1235 1015 1339 1080 ἄλλοιν

165 1119 324 1201 Ἑλλήνων
348 1119 511 1204 ἐλευθερία·
551 1113 718 1178 Demosth.
742 1116 816 1199 opit.
835 1115 892 1176 24:
911 1163 917 1176 .
936 1163 942 1174 .
961 1165 967 1177 .
991 1120 1010 1197 ἡ
1033 1121 1129 1181 τῶνδε
1145 1129 1206 1182 τῶν
1222 1121 1338 1208 ἀνδρῶν

168 1228 258 1314 ἀρετὴ
279 1235 337 1302 τ”ς
350 1222 509 1302 Ἑλλάδος
524 1223 560 1304 ἧν
576 1227 655 1312 ψυχὴ
675 1226 814 1305 τάληθὲς
830 1225 922 1287 εἰπεῖν
948 1225 1013 1310 άμα
1028 1228 1085 1310 γὰρ
1109 1228 1150 1288 τά
1169 1249 1204 1288 τε
1220 1229 1335 1291 τούτων

167 1334 322 1420 πνεύματα
352 1333 514 1414 ἀπηλλάγη
545 1340 604 1394 τῶν
636 1332 748 1394 οἰκείων
779 1333 928 1416 σωμάτων
957 1331 1009 1392 καὶ
1038 1333 1073 1393 τὸ
1097 1339 1155 1410 τῆς
1176 1331 1337 1409 Ἑλλάδος

167 1441 285 1527 ἀξίωμα
308 1440 459 1526 ἀνῄρηται·
1202 1520 1205 1524 ἱ

257 1543 332 1605 Hue
357 1540 493 1621 aceedit,
527 1539 614 1625 quod
639 1537 771 1601 Dobreo
803 1537 978 1602 concedere
1004 1537 1158 1603 debemus
1183 1539 1267 1604 illud
1291 1547 1336 1608 ἐπὶ

167 1664 211 1740 τῷ
242 1656 330 1742 τάρῳ
348 1663 406 1738 ,τῷ
436 1660 496 1715 τῶν
521 1653 551 1714 ἐν
580 1652 728 1737 Σαλαμῖνι
756 1651 1002 1730 τελευτησάντων
1033 1645 1122 1709 nullo
1151 1646 1247 1710 modo
1271 1671 1335 1710 rne-

167 1755 287 1821 moriae
311 1756 405 1842 lapsn
429 1764 534 1818 ortum
559 1775 640 1818 esse.
685 1754 768 1816 Nam
792 1763 826 1816 nt
848 1751 1063 1816 Aristotelem
1087 1753 1243 1818 fefellerit
1266 1754 1336 1841 Ly-

169 1865 251 1927 siam
283 1862 323 1925 de
348 1863 453 1926 eaesis
477 1861 511 1924 in
534 1859 746 1946 Hellesponto
771 1859 868 1945 loqui,
894 1858 1055 1944 quomodo
1078 1881 1224 1946 pugnam
1246 1859 1336 1925 Sala-

168 1972 299 2034 miniam
335 1991 408 2033 eum
439 1966 590 2032 libertate
626 1966 754 2053 sepulta
784 1965 979 2051 coniungere
997 1967 1140 2053 potuit?
1174 1967 1336 2054 Equidem

167 2074 376 2141 Aristotelem
402 2074 519 2160 ‹iptime
537 2075 615 2159 quid
638 2073 797 2138 seriberet
813 2071 1047 2137 deliberavisse
1065 2074 1173 2137 eredo.
1220 2075 1337 2160 ltaque

171 2183 494 2269 locum-corruptum
519 2204 592 2247 esse
615 2181 770 2246 Debreus
795 2190 826 2246 et
850 2179 1012 2266 Sauppius
1035 2186 1179 2245 monent.
1226 2182 1337 2270 Atque

169 2289 252 2354 illud
275 2296 306 2358 ἐν
329 2294 437 2381 Λαμίορ
452 2292 523 2354 'iam
547 2313 567 2352 a
591 2289 723 2354 liebello
739 2288 976 2374 repudiatum)
1000 2287 1141 2353 maxime
1158 2295 1338 2376 propterea

168 2420 233 2461 non
257 2396 375 2482 placet,
401 2396 487 2481 quod
516 2396 726 2459 veliementer
758 2394 868 2459 dubito
892 2416 935 2458 an
959 2418 1023 2458 non
1046 2399 1193 2480 potuerit
1216 2399 1337 2464 Aristo-

168 2505 250 2570 teles
275 2526 347 2568 eam
370 2525 514 2589 pugnam
531 2525 793 2567 commemorare.
841 2502 922 2565 Nam
941 2501 999 2566 etsi
1018 2507 1105 2585 sunt,
1131 2503 1187 2588 qui
1204 2508 1338 2571 tertium

169 2612 285 2677 librum
309 2611 490 2674 rhetoricae
515 2609 660 2696 spurium
675 2609 828 2691 iudicent,
853 2618 961 2672 tamon
978 2633 996 2670 a
1012 2608 1125 2673 multis
1142 2610 1336 2696 defenditur,

168 2741 274 2806 neque
301 2719 462 2782 infirmam
494 2719 714 2780 (arnieeturam
739 2716 863 2781 infirmo
888 2716 1098 2779 fundamento
1122 2717 1180 2781 niti
1204 2731 1336 2804 oportet.

258 2843 326 2909 Sed
352 2867 394 2906 ne
421 2844 670 2927 grammaticum
703 2842 834 2927 quidem
857 2841 1079 2926 Byzantinum
1101 2844 1170 2905 tam
1192 2843 1336 2932 ineptum

167 2950 271 3014 fuisse
296 2960 384 3037 puto,
403 2964 437 3012 ut
460 2954 617 3041 ἐλευθερία
641 2957 674 3013 et
697 2954 789 3041 ἀρετῇ
806 2947 970 3013 adductus
988 2946 1068 3011 illud
1084 2963 1127 3038 τῷ
1144 2954 1174 3017 ἐν
1191 2956 1339 3041 Σαλαμῖνι

167 3057 292 3122 rationo
318 3058 500 3120 sententiae
524 3079 588 3120 non
612 3055 723 3119 habita
748 3054 889 3118 adderet.
936 3053 1034 3118 Lieet
1057 3056 1123 3118 sint
1148 3057 1337 3124 stultissimi

168 3170 202 3228 et
225 3164 337 3247 noseii,
369 3185 513 3252 pugnem
543 3162 750 3229 Salaminiam
780 3161 940 3226 libertatis
973 3186 1038 3226 non
1067 3162 1165 3227 funus
1195 3163 1253 3228 sed
1277 3169 1336 3229 ori-

168 3273 276 3353 ginem
299 3272 402 3335 tuisse
427 3275 518 3336 oerte
543 3271 697 3336 sciebant.

256 3377 457 3443 clarissimis
482 3401 522 3443 ex
546 3379 715 3442 sententiis
740 3376 826 3442 illius
843 3379 957 3440 aetatis
982 3398 1047 3440 une
1070 3376 1171 3441 fuisse
1195 3378 1335 3456 ridetur,

168 3509 249 3572 quae
265 3486 357 3551 velut
372 3485 453 3550 illud
468 3490 577 3567 ζεύξας
594 3493 647 3577 μὲν
662 3491 714 3553 τὸν
725 3487 959 3570 Ἑλλήσποντον,
976 3488 1117 3576 διορύξας
1131 3491 1167 3553 δὲ
1182 3489 1335 3555 τὸνἊθιυ

166 3593 222 3657 vel
249 3615 301 3658 uer
328 3615 365 3658 er
388 3614 472 3658 υιιιιυ
496 3594 656 3672 demptam
684 3593 801 3654 iterum
832 3600 926 3677 atque
954 3593 1070 3655 iterum
1094 3593 1335 3678 repetebantur.

165 3700 219 3765 Ae
236 3703 261 3763 si
280 3722 417 3784 nsquam
436 3710 529 3763 eante
547 3699 587 3763 de
612 3697 729 3762 talibus
755 3698 836 3763 loeis
861 3697 1072 3762 indicendum
1097 3709 1155 3778 est,
1183 3702 1212 3762 in
1238 3704 1336 3786 epita-

166 3808 251 3892 phiis
273 3830 395 3870 summa
417 3807 593 3891 prudentie
610 3829 692 3893 opus
716 3810 777 3870 est.
822 3806 956 3870 Etenim
980 3828 1054 3868 eum
1079 3809 1279 3870 recentiores
1305 3809 1336 3871 id

166 3916 317 3986 mraxime.
335 3924 481 3990 caveant,
511 3936 551 3976 ne
585 3913 662 3998 quid
692 3912 796 3976 simile
821 3934 896 3975 eum
923 3912 1087 3997 prioribus
1112 3913 1257 3979 habeant
1279 3938 1335 3980 ne-

165 4043 307 4105 rumqne
334 4041 411 4083 suae
428 4021 509 4082 artis
526 4019 776 4082 funda-mentum
792 4021 898 4082 iacere
916 4019 1077 4100 studeant,
1101 4026 1234 4085 veteres
1253 4043 1335 4106 quae

165 4126 248 4190 bene
279 4147 300 4190 a
329 4123 491 4211 prioribus
520 4124 606 4189 faeta
630 4125 797 4189 antdicte
822 4136 926 4202 eraut,
951 4124 1057 4210 palam
1082 4147 1245 4212 usurpare
1269 4150 1334 4190 non

255 4339 276 4406 ¹)
294 4335 391 4389 Jahnii
410 4335 502 4389 annul.
523 4335 592 4388 1866
607 4337 678 4388 tom.
698 4334 760 4412 933
