3022 5032
676 293 719 357 33

588 384 800 392 ——-——

103 516 186 557 mus.
256 491 355 577 Apud
395 479 579 555 Isocratem
626 494 656 558 αἱ
687 494 787 568 πόλεις
809 485 1060 553 Atheniensium
1090 483 1281 572 principatu

104 597 301 691 ἑβδομήκοντ’
327 599 380 682 ἔτη
405 602 581 665 διετέλεσαν
605 597 717 686 ἄπειροι
746 601 799 686 μὲν
831 599 1019 686 τυραννίδων,
1057 597 1209 684 ἐλεύθεροι
1242 599 1279 660 δὲ

103 714 178 798 πρὸς
200 713 276 786 τοὺς
299 706 479 797 βαρβάρους,
505 708 706 772 ἀστασίαστοι
735 708 772 770 δὲ
794 707 868 792 πρὸς
891 711 971 794 apa<
994 705 1114 780 αὐτούς,
1146 703 1280 784 tamque

105 813 162 878 diu
185 833 268 900 pace
286 833 366 876 usae
390 808 635 896 potentissimae
651 807 760 873 factae
785 808 879 890 sunt3
911 806 999 893 apud
1015 805 1151 890 Lysiam
1174 803 1280 870 Athe-

103 919 269 985 niensium
294 919 407 982 civitas
430 915 617 1002 principatu
640 914 843 1000 amplissima
865 912 996 977 reddita
1020 922 1078 976 est.

196 1026 263 1090 Sed
286 1037 322 1088 ut
345 1028 523 1109 utrumque
547 1027 639 1086 recte
664 1022 728 1086 dici
750 1022 901 1108 potuerit,
928 1018 1006 1106 quid
1030 1018 1111 1084 socii
1133 1042 1199 1084 non
1214 1029 1280 1082 tur-

32 1164 35 1170 ·
104 1133 172 1199 bati
205 1133 247 1196 ad
279 1130 532 1196 Atheniensium
564 1128 712 1194 civitatis
743 1129 924 1215 potentiam
957 1125 1146 1212 pertinent?
1193 1126 1280 1206 Quo-

107 1239 200 1306 modo
217 1262 309 1304 suam
332 1239 469 1324 patriam
486 1234 710 1301 Athenienses
734 1238 908 1299 maximam
930 1232 1141 1298 reddiderunt
1157 1238 1280 1302 ἀστασι-

109 1355 220 1428 άστους
250 1350 459 1437 παρασχόντες
488 1352 562 1425 τοὺς
592 1351 770 1436 συμμάχους
795 1395 800 1407 .
827 1397 834 1412 .
859 1398 865 1410 .
897 1347 969 1410 οὐδὲ
1001 1348 1075 1422 τοὺς
1104 1347 1282 1432 συμμάχους

106 1458 246 1533 ἀσθενεῖς
268 1449 442 1531 ποιοῦντεςῖ
489 1450 583 1530 Quae
608 1451 787 1514 sententiae
818 1453 856 1512 ut
879 1449 968 1536 apud
991 1449 1170 1512 Isocratem
1199 1448 1281 1511 soci-

107 1582 200 1624 orum
218 1557 345 1646 oppida
361 1568 458 1622 aucta
474 1577 547 1621 esse
564 1556 862 1620 demonstraturum
885 1556 1063 1619 rectissime
1088 1577 1124 1617 se
1147 1553 1280 1636 habent,

106 1667 155 1732 ita
171 1666 211 1730 ab
230 1663 388 1751 epitaphii
404 1673 594 1747 argumento
610 1662 707 1749 plane
725 1661 911 1727 abhorrent.
959 1662 1060 1726 Immo
1085 1660 1282 1727 contrarium

109 1770 369 1857 exspectaveris:
403 1771 523 1835 etenim
556 1789 619 1855 quo
642 1772 747 1854 magis
765 1769 907 1834 dediticii
930 1767 1131 1846 dividuntur,
1163 1791 1200 1833 eo
1224 1790 1280 1854 po-

109 1879 232 1942 tentior
248 1899 286 1942 ea
302 1876 426 1959 civitas,
453 1899 535 1962 quae
552 1876 756 1964 pincipatum
780 1877 915 1957 obtinet,
940 1875 1010 1940 fieri
1036 1874 1117 1939 solet
1139 1874 1281 1939 facilius·

112 2007 175 2070 que
203 1983 352 2049 omnihus
382 1984 531 2070 imperat.
577 1984 663 2047 Pace
696 1994 728 2046 et
761 1983 871 2069 quiete
903 1985 1065 2047 sociorum
1099 1981 1282 2066 ceterisque

111 2091 301 2173 commodiS,
338 2113 422 2176 quae
454 2101 700 2172 enumerantur,
735 2090 896 2156 sociorum
930 2089 1049 2176 oppida
1081 2090 1280 2170 crescebant,

112 2219 176 2262 non
198 2197 362 2263 Athenae.

197 2305 317 2391 Itaque
335 2306 487 2392 quoniam
503 2303 652 2368 tractatio
678 2326 752 2367 cum
775 2304 942 2390 proposito
965 2301 1097 2366 minime
1123 2301 1280 2386 congruit,

111 2412 229 2498 quippe
255 2433 337 2497 quae
362 2412 403 2475 ad
427 2411 523 2496 longe
548 2410 650 2475 alium
672 2410 769 2476 finem
794 2411 983 2494 excogitata
1007 2408 1061 2491 sit,
1085 2409 1193 2473 fecere
1216 2430 1282 2471 non

107 2540 294 2603 possumus,
326 2519 404 2602 quin
428 2517 583 2582 Isocratis
613 2518 796 2582 sententias
830 2518 958 2603 priores
989 2537 1061 2581 esse
1094 2519 1283 2579 statuamus.

108 2623 191 2688 Nam
222 2623 419 2687 inconcinna
452 2624 541 2708 apud
572 2624 708 2708 Lysiam
740 2622 1001 2687 enuntiationum
1028 2644 1116 2687 nexu
1146 2626 1286 2709 apparet

109 2729 270 2818 epitaphii
293 2738 469 2810 auctorem,
503 2750 576 2794 cum
600 2740 865 2815 argumentorum
889 2728 1112 2793 diversitatem
1136 2730 1282 2811 sentiret,

108 2837 213 2924 primo
250 2836 382 2920 quidem
416 2843 477 2916 τὰς
510 2842 623 2918 πόλεις,
665 2859 747 2922 quae
783 2835 872 2923 apud
907 2837 1087 2901 Isocratem
1122 2834 1282 2920 leguntur,

111 2943 291 3008 mutavisse
327 2945 361 3007 in
395 2948 451 3028 τὴν
486 2947 602 3012 ἑαυτῶν
636 2950 766 3035 πατρίδα
805 2942 931 3028 sibique
970 2946 1175 3007 constantem
1214 2965 1284 3006 eam

113 3052 303 3136 principatu
338 3054 544 3114 crescentem
579 3050 708 3114 fecisse.
768 3049 834 3116 Sed
869 3050 992 3113 utinam
1028 3050 1127 3113 etiam
1161 3048 1285 3133 reliqua

113 3152 155 3218 ad
179 3177 274 3217 suum
289 3156 494 3241 propositum
517 3154 704 3218 formasset!
729 3155 828 3220 Nunc
852 3166 960 3218 autem
982 3154 1173 3241 principatu
1198 3177 1283 3218 com·
1367 3184 1369 3191 ·

111 3272 287 3327 memorato
310 3284 447 3347 prorsus
470 3261 505 3324 in
528 3261 683 3324 Isocratis
714 3283 846 3325 cursum
879 3262 1035 3348 delapsus
1060 3267 1286 3341 ἀστασιάστους

109 3374 146 3436 δὲ
170 3375 377 3460 παρασχόντες
399 3376 473 3449 τοὺς
496 3375 675 3459 συμμάχους
697 3366 889 3453 reliquaque
914 3368 1046 3450 addidit,
1073 3371 1192 3453 quippe
1210 3390 1284 3431 cum

109 3475 143 3539 in
174 3474 379 3561 paragrapho
419 3475 491 3556 106,
527 3474 613 3537 unde
637 3475 858 3560 principatum
895 3485 1086 3560 sumpserat,
1125 3485 1156 3538 et
1191 3486 1285 3539 antea

111 3581 202 3665 (103)
228 3581 366 3644 eandem
392 3583 588 3645 sententiam
611 3582 803 3645 invenisset.
853 3581 926 3660 Qua
957 3603 993 3645 re
1022 3580 1182 3645 adductus
1213 3581 1284 3666 ipse

113 3710 240 3773 quoque
265 3689 428 3752 sociorum
451 3687 636 3753 felicitatem
661 3686 817 3750 describit
834 3710 872 3751 ac
888 3710 929 3750 ne
952 3686 1039 3751 illud
1063 3688 1193 3772 quidem
1216 3688 1285 3751 Iso-

113 3783 207 3857 cratis
231 3796 358 3857 omittit:
384 3799 492 3885 οὐγὰρ
516 3799 700 3887 ἐρδονοῦμεν
724 3805 794 3874 ταῖς
811 3798 1028 3885 αὐξανομέναις
1052 3800 1159 3862 αὐτῶν.
1199 3793 1285 3859 Nam

111 3898 266 3964 Isocratis
278 3901 484 3986 insequentis
498 3902 675 3967 sententiae
688 3901 829 3985 figuram
841 3902 984 3963 imitatus
998 3901 1079 3983 (οὐδὲ
1091 3907 1230 3991 ταραχάς
1240 3937 1284 3945 -

110 4007 206 4090 ἀλλὰ)
243 4011 321 4091 οὐδὲ,
355 4009 469 4092 inquit,
505 4016 579 4089 τοὺς
614 4015 792 4099 συμμάχους
827 4012 968 4087 ἀσθενεῖς
1000 4019 1162 4092 ποιοῦντες,
1201 4012 1285 4075 ἀλλὰ

109 4119 266 4194 κάκείνους
304 4119 441 4207 ἰσχυροὺς
478 4119 692 4195 ααδιστάντες.
759 4114 900 4178 Incertis
943 4123 1051 4177 tamen
1094 4112 1283 4177 notionibus

112 4224 252 4303 άσδενεῒς
275 4231 307 4284 et
330 4227 467 4313 ἰσχυροὺς
491 4221 650 4285 [socratis
675 4208 796 4286 certain
820 4221 1016 4286 sententiam
1041 4217 1189 4283 oblimari
1211 4219 1283 4303 quis

112 4347 177 4388 non
200 4327 360 4391 senserit?

1088 4429 1105 4479 3
