3022 5032
687 263 897 360 EA--

298 458 392 522 Idem
419 481 497 523 vero
522 458 635 543 colligi
657 463 767 544 potest
792 482 834 522 cx
859 458 913 523 illo
936 458 1106 544 participio
1130 467 1181 528 καὶ
1204 468 1259 546 τὴν
1284 470 1384 531 αὑτῶν

207 571 331 657 δύναμιν
365 571 515 651 τοσαύτην
539 571 742 647 ἐπιδείξαντες
772 575 835 629 etc.
869 568 917 648 (z
947 566 1021 648 ΙΙΙ).
1070 566 1200 631 Etenim
1235 571 1264 632 si
1284 573 1383 636 totius

209 675 390 738 sententiae
408 675 685 738 constructionem
703 673 932 755 deliberamus,
950 673 1012 738 has
1028 674 1169 759 ineptias
1182 676 1383 741 invenimus:

209 788 352 871 μεγίστην
375 783 565 862 δ’ἀπέδειξαν
588 789 643 866 τὴν
667 785 782 873 ἑαυτῶν
805 788 936 872 πατρίδα
962 834 967 847 .
995 831 1001 844 .
1028 836 1033 850 .
1057 790 1113 866 τὴν
1137 789 1235 850 αὑτῶν
1258 789 1385 876 δύναμιν

208 893 358 973 τοσαύτην
375 886 585 970 ἐπιδείξαντες.
634 887 736 953 Cuius
752 888 956 973 tautologiae
981 888 1152 976 explicatio
1178 911 1219 952 ex
1237 888 1383 956 Isocrate

208 994 388 1080 repetenda
412 1000 472 1058 est.

304 1102 525 1188 Parag·1·aphis
551 1103 635 1167 enim
661 1103 834 1168 115-117
860 1104 1053 1184 Isocratem,
1084 1110 1124 1167 ut
1147 1125 1185 1166 eo
1209 1103 1384 1169 vehemen-

208 1209 276 1274 tius
301 1232 414 1274 omnes
439 1212 599 1274 contrario
629 1216 848 1292 commoveat,
885 1211 1059 1274 ostendere
1096 1233 1196 1296 supra
1231 1211 1381 1294 vidimus,

211 1339 293 1402 quae
322 1339 432 1381 rerum
458 1317 659 1382 Graecarum
695 1317 903 1381 commutatio
938 1339 1056 1403 pacem
1080 1316 1302 1382 Antaleideam
1337 1318 1383 1380 sit

211 1428 334 1500 secuta,
361 1447 399 1486 ac
427 1423 545 1504 deinde
570 1424 613 1488 ad
628 1422 881 1487 Atheniensium
897 1423 1118 1509 principatum
1135 1423 1381 1488 describendum

212 1529 328 1592 redire.
367 1530 484 1615 ltaque
510 1528 669 1616 epitaphii
693 1531 839 1615 scriptor,
865 1553 937 1594 cum
958 1532 1049 1615 pacis
1065 1529 1283 1595 Antaloideae
1299 1529 1384 1594 mala

211 1638 340 1720 cognita
363 1636 484 1701 habere
508 1636 625 1718 nollet,
659 1635 747 1700 illam
770 1639 961 1723 panegyrici
994 1636 1251 1723 descriptionum
1278 1636 1384 1701 varie-

209 1753 324 1821 tatem,
351 1766 417 1828 qua
441 1743 726 1808 vehementissime
752 1766 1008 1826 commoramin,
1047 1744 1179 1808 sustulit
1203 1745 1382 1829 omniaque,

213 1871 296 1936 quae
322 1849 362 1914 de
386 1850 527 1936 pristina
544 1852 745 1916 Graecorum
769 1852 899 1914 fortuna
915 1850 1081 1937 disputata
1098 1862 1181 1931 sunt,
1208 1852 1384 1914 coniunxit.

212 1955 286 2037 Qua
307 1957 341 2021 in
365 1980 400 2020 re
424 1957 547 2040 Lysiae
572 1958 722 2020 evenisse
750 1957 916 2033 videmia,
954 1956 1042 2041 quod
1076 1948 1239 2020 interdum
1275 1956 1386 2040 negle-

211 2066 303 2148 genti
327 2062 529 2150 compilatori
558 2062 707 2128 accidere
732 2063 822 2128 solet.
870 2064 1017 2128 Duarum
1042 2065 1125 2126 enim
1149 2065 1182 2126 in
1207 2062 1387 2149 exemplari

212 2170 416 2235 diversarum
441 2172 670 2235 sententiarum
695 2169 798 2234 altera
821 2180 942 2234 temere
967 2180 1096 2246 mutata,
1123 2171 1219 2232 etiam
1240 2169 1384 2247 alteram,

213 2280 276 2342 etsi
307 2288 442 2364 propter
475 2279 686 2341 mutationem
721 2276 803 2340 nihil
827 2301 846 2340 a
869 2277 991 2363 priore'
1013 2276 1134 2356 differt,
1171 2275 1273 2351 addit,
1311 2298 1384 2340 oum

213 2387 353 2470 scriptor
368 2407 506 2470 prorsus
522 2384 556 2448 in
570 2383 765 2470 exemplaris
779 2384 973 2468 cogitatione
987 2394 1135 2447 versetur
1146 2381 1384 2469 pristinamque

213 2493 436 2556 diversitatem
460 2494 555 2554 etiam
580 2503 649 2554 tum
673 2493 802 2554 sentiat.
850 2491 934 2556 Nam
960 2513 1035 2553 oum
1070 2490 1207 2554 alteram
1242 2489 1283 2552 de
1307 2489 1385 2553 Per-

213 2622 322 2662 sarum
345 2597 527 2663 humilitate
552 2598 804 2686 disputationem
832 2619 897 2661 una
927 2620 1001 2661 cum
1037 2596 1171 2662 exordio
1208 2602 1261 2677 οὓς
1291 2603 1386 2687 ἡμεῖς

212 2711 289 2773 οὕτω
324 2710 465 2796 διέθεμεν
504 2703 550 2790 (=
584 2712 639 2790 τὴν
674 2710 789 2773 ἑαυτῶν
823 2709 948 2797 δύναμιν
985 2710 1136 2789 τοσαύτην
1171 2701 1385 2786 ἐπιδείξαντες)

212 2813 411 2890 transferret,
437 2835 511 2876 eum
536 2812 651 2897 effugit
672 2811 738 2876 iam
763 2814 965 2897 superiorem
988 2811 1098 2875 locum
1120 2813 1164 2873 ita
1180 2809 1382 2888 formavisse,

212 2924 252 2982 ut
268 2920 308 2983 de
326 2919 575 2983 Atheniensium
597 2921 739 3006 potentia
755 2918 955 3002 loqueretur.
980 2916 1079 3002 Apud
1096 2917 1286 2998 laceratam,
1311 2937 1383 2978 cum

214 3028 321 3113 priore
346 3025 418 3091 loco
443 3025 483 3090 de
508 3027 673 3096 sociorum
698 3023 828 3110 oppidis
853 3023 952 3087 verba
976 3023 1117 3098 fecisset,
1143 3025 1321 3108 posteriore
1344 3020 1384 3084 de

213 3132 294 3219 ipsis
318 3131 575 3197 Atheniensibus
607 3133 732 3222 (ἡμεῖς),
765 3130 941 3214 tautologia
964 3153 1005 3194 ne
1029 3141 1098 3193 tum
1122 3130 1253 3215 quidem
1277 3127 1385 3193 effice-

213 3245 315 3317 retur,
342 3242 369 3303 si
394 3242 509 3319 omnia,
536 3262 618 3324 quae
643 3238 858 3319 intercedunt,
885 3237 1045 3302 deessent.
1071 3237 1175 3300 Aliter
1195 3257 1274 3299 vero
1299 3235 1386 3320 apud

214 3347 351 3431 Lysiam
375 3368 427 3411 res
453 3371 488 3409 se
514 3346 625 3426 habet,
651 3348 705 3432 qni
727 3347 774 3409 bis
791 3345 878 3408 idem
894 3356 1014 3422 narrat,
1041 3367 1078 3408 eo
1095 3343 1273 3423 molestius,
1300 3340 1387 3426 quod

214 3455 268 3531 iis,
300 3476 383 3540 quae
407 3453 597 3538 panegyrici
621 3453 639 3537 ξ
667 3454 728 3516 117
755 3454 961 3515 continentur
985 3453 1112 3515 omissis
1136 3450 1288 3514 Isocratis
1313 3469 1385 3510 sen-

214 3562 334 3624 tentias
358 3561 468 3623 multis
493 3559 672 3645 participiis
703 3561 853 3622 coartatis
877 3558 934 3622 uni
959 3557 1171 3621 enuntiationi
1189 3564 1244 3642 τὴν
1271 3560 1388 3624 ἑαυτῶν

215 3675 345 3760 πατριδα
369 3675 512 3759 μεγίστην
536 3671 697 3748 ἀπέδειξαν
722 3666 872 3731 subiecit.
1363 3759 1365 3762 Α

304 3775 418 3854 Atque
446 3774 554 3861 ipsum
585 3776 777 3859 scriptorem
813 3774 955 3837 sensisse
979 3770 1228 3835 Atheniensium
1262 3768 1387 3843 merita,

215 3887 353 3968 propter
378 3904 460 3969 quae
484 3881 670 3968 principatu
693 3879 783 3965 digni
808 3879 881 3960 sint,
907 3902 926 3941 a
950 3901 986 3941 se
1008 3876 1158 3953 describi,
1184 3885 1322 3962 apparet
1337 3874 1388 3938 his

216 3989 320 4076 ipsius
345 3989 469 4053 verbis:
501 3993 540 4056 ὤν
565 3994 652 4056 ἕνεκα
675 3994 725 4056 δεῖ
746 3993 855 4077 μόνους
876 3991 928 4053 καὶ
951 3991 1126 4076 προστάτας
1150 3997 1209 4051 τῶν
1230 3987 1391 4067 Ἑλλήνων

216 4103 267 4164 καὶ
290 4102 443 4186 ἡγεμόνας
464 4109 525 4162 τῶν
547 4102 663 4162 πόλεων
686 4098 850 4185 γίγνεσθαι.

306 4203 370 4267 Ηίο
409 4202 539 4266 tandem
581 4207 611 4269 αἱ
649 4207 753 4281 πόλεις
789 4199 884 4264 initio
929 4197 1151 4262 dissimulatae
1198 4202 1388 4272 occurrunt,

219 4334 357 4399 quarum
380 4309 567 4375 felicitatem
589 4308 654 4371 iarn
678 4317 775 4372 antea
805 4306 887 4372 elam
919 4307 1152 4394 descripserat,
1188 4304 1389 4390 scriptorque
