3022 5032
646 281 861 378 ,ιο-.-

164 483 269 555 δύνων,
311 483 337 546 οἱ
360 484 396 545 δὲ
420 481 532 570 φθῆναι
555 480 765 567 συμβαλόντες
792 482 855 565 πρὶν
884 479 986 543 ἐλθεῖν
1014 483 1088 554 τοὺς
1120 478 1343 566 βοηθήσοντας.

164 585 250 649 Item
267 584 395 670 patriae
419 583 662 647 amantissimos
687 604 722 646 se
745 585 979 667 praestiterunt
996 581 1111 645 decem
1135 583 1229 646 annis
1252 589 1341 667 post,

166 715 239 755 cum
251 692 383 754 Xerxes
399 690 434 754 in
447 689 619 755 Graeciam
635 689 844 776 irrumpebat.
868 690 930 752 90:
948 695 1089 774 ἀπήντων
1104 695 1275 780 διελόμενοι
1290 696 1345 756 τὸν

164 806 298 868 κίνδυνον
328 802 562 887 Λακεδαιμόνιοι
591 803 643 887 μὲν
672 802 715 877 εἰς
743 798 945 887 Θερμοπύλας
977 803 1050 888 πρὸς
1077 804 1113 865 τὸ
1141 802 1230 878 πεζὸν
1269 845 1275 859 .

165 912 192 974 οἱ
214 904 242 973 δ’
266 912 406 996 ἡμέτεροι
428 913 557 994 πατέρες
581 906 622 972 ἐπ’
654 903 842 994 Ἀρτεμίσιον
867 910 927 971 κτλ
992 900 1063 983 Quo
1097 905 1130 965 in
1165 904 1343 966 certamine

166 1015 282 1076 iterum
312 1010 533 1075 Athenienses
569 1009 766 1075 excellentes
802 1010 945 1079 fuerunt,
983 1033 1057 1073 cum
1091 1010 1344 1074 Lacedaemonii

166 1118 345 1204 proditione
380 1115 705 1182 circumvenirentur.
765 1117 822 1180 92:
871 1117 940 1184 ἀλλ’
979 1123 1006 1185 οἱ
1040 1123 1094 1208 μὲν
1134 1122 1344 1210 διεφθάρησαν

166 1232 218 1293 καὶ
247 1237 317 1307 ταῖς
347 1231 457 1316 ψυχαῖς
488 1237 628 1304 νικῶντες
659 1234 724 1304 τοῖς
753 1232 889 1314 σώμασιν
917 1228 1041 1292 ἀπεῖπον
1072 1260 1112 1272 ·-
1145 1229 1178 1292 οὐ
1210 1232 1268 1316 γὰρ
1300 1230 1342 1308 δὴ

167 1337 256 1400 τοῦτο’
279 1360 316 1418 γε
339 1337 431 1421 θέμις
454 1335 554 1415 εἰπεῖν,
585 1340 628 1410 ὡς
657 1335 845 1415 ἡττήθησαν·
888 1335 988 1412 οὐδεὶς
1018 1338 1075 1422 γὰρ
1105 1336 1205 1399 αὐτῶν
1240 1343 1342 1424 φυγεῖν

165 1443 299 1523 ἠξίωσεν·

255 1542 440 1607 Isocratem
463 1543 565 1628 igitur
589 1566 716 1607 summa
741 1556 809 1607 arte
833 1567 896 1621 σεε,
923 1567 1117 1631 quamquam
1142 1545 1236 1608 aliter
1259 1545 1344 1608 acci-

167 1650 294 1727 derant,
320 1649 364 1713 ad
387 1673 483 1713 suum
506 1653 709 1736 propositum
732 1649 938 1733 formavisse,
966 1663 997 1715 et
1012 1652 1345 1717 Lacedaemoniorum

165 1755 283 1820 laudes
307 1755 370 1820 hoc
398 1756 469 1821 loco
498 1759 686 1843 aptissimas
719 1780 792 1822 esse
823 1758 998 1821 videmus
1029 1759 1125 1822 Licet
1156 1759 1230 1822 aliis
1262 1759 1345 1823 locis

167 1861 344 1926 invehatur
367 1863 401 1927 in
427 1886 483 1926 eos
509 1885 686 1950 eorumque
711 1864 900 1950 superbiam
924 1866 1098 1950 vituperet,
1123 1865 1177 1928 illo
1198 1888 1277 1929 vero
1295 1867 1346 1928 sui

122 1984 124 1988 ‘
168 1971 323 2055 temporis
342 1970 616 2034 Lacedaemoniis
641 1981 672 2035 et
688 1971 948 2036 Atheniensibus
974 1972 1159 2057 exemplum
1182 1994 1345 2059 propone-

169 2096 207 2140 re
231 2098 350 2162 eosque
376 2076 542 2141 adhortari
565 2078 681 2160 voluit,
705 2089 741 2142 ut
763 2078 836 2143 illos
860 2079 1019 2142 modestia
1040 2081 1256 2142 imitarentur.
1301 2134 1312 2151 ,

257 2182 346 2247 Num
371 2184 485 2248 eadem
509 2184 549 2248 dc
575 2185 733 2271 epitaphii
757 2187 919 2270 scriptore
944 2185 1009 2249 dici
1032 2185 1196 2272 possunt?

260 2288 343 2354 Cum
368 2290 407 2354 de
431 2289 519 2355 bello
543 2290 877 2356 Lacedaemoniorum
901 2296 1032 2376 agatur,
1061 2292 1204 2356 hostium
1227 2291 1343 2366 laudes

168 2397 297 2461 minime
323 2399 575 2483 exspectaveris.
622 2397 726 2463 Immo
749 2400 859 2484 potius
885 2421 967 2484 quae
991 2398 1074 2464 male
1098 2404 1274 2483 gesserant
1301 2401 1342 2461 iis

167 2502 249 2567 vitio
286 2526 360 2566 eum
394 2526 568 2568 versurum
604 2526 678 2569 esse
714 2506 847 2588 credas,
886 2509 1084 2592 praesertim
1124 2529 1198 2570 cum
1236 2505 1342 2570 multa

168 2615 290 2691 essent,
317 2633 399 2695 quae
425 2634 551 2675 summo
574 2613 646 2675 iure
670 2615 850 2698 vituperari
872 2619 1019 2698 possent.
1116 2651 1118 2655 ·

258 2716 325 2780 Sed
347 2740 389 2780 ne
413 2717 466 2780 hic
490 2718 620 2804 quidem
645 2719 826 2783 isocratem
844 2720 965 2803 effugit,
992 2723 1110 2806 quippe
1128 2719 1221 2784 cuius
1238 2718 1344 2784 verba

167 2822 209 2888 ad
235 2825 456 2887 certissimum
479 2825 577 2888 finem
599 2826 648 2889 ita
672 2828 852 2910 excogitata
877 2836 909 2889 et
932 2827 1008 2890 ficta
1032 2828 1110 2909 sint,
1138 2837 1174 2890 ut
1197 2826 1342 2889 funditus

166 2942 292 2995 mutare
317 2930 438 2996 debeas
462 2933 525 2997 nisi
549 2937 697 2998 veterem
720 2955 853 2997 sensum
878 2955 917 2997 ea
939 2934 1088 2999 redolere
1116 2936 1178 2998 vis.
1226 2933 1343 3018 Itaque

168 3040 341 3123 utriusque
366 3039 509 3102 civitatis
535 3050 697 3104 certamen
721 3043 817 3104 etiam
840 3043 874 3104 in
894 3040 1057 3127 epitaphio
1073 3038 1238 3104 invenitur
1253 3038 1340 3125 (23):

172 3148 225 3212 οὐκ
248 3149 403 3235 ἀνέμειναν
426 3151 576 3215 πυθέσθαι
601 3153 671 3216 οὐδὲ
695 3152 847 3239 βοηθῆσαι
869 3156 943 3229 τοὺς
965 3155 1158 3240 συμμάχους,
1187 3149 1248 3211 etsi
1271 3146 1343 3210 Iso-

175 3252 271 3312 cratis
306 3250 493 3338 bipartitam
528 3256 727 3318 seutentiam
759 3260 787 3323 ei
818 3261 871 3346 μὲν
894 3260 928 3323 οὐ
952 3263 1134 3346 περιέμειναν
1164 3262 1237 3334 τοὺς
1269 3280 1342 3344 συμ-

168 3364 303 3448 μάχους,
339 3364 366 3427 οἱ
400 3360 487 3427 δὀὐκ
521 3362 658 3453 ἔφθησαν
693 3367 855 3453 πυδέμενυι
886 3411 892 3424 .
920 3412 926 3423 .
953 3412 959 3424 .
984 3368 1035 3430 καὶ
1068 3411 1073 3423 .
1100 3410 1106 3423 .
1133 3412 1139 3424 .
1172 3363 1245 3446 ἧκον
1274 3367 1345 3451 ἡμῖν

167 3468 353 3554 ἀμυνοῦντες
376 3465 509 3530 delevit.
556 3465 643 3530 Nam
666 3466 887 3533 Athenienses
911 3478 979 3530 tum
1011 3467 1141 3531 demum
1164 3466 1340 3543 habebant,

168 3592 225 3633 cur
264 3581 331 3635 tam
369 3571 580 3637 vehementer
619 3596 694 3637 cum
732 3573 881 3638 hostibus
921 3574 1077 3657 congredi
1123 3578 1342 3660 properarent

167 3674 279 3759 (οὕτως
301 3685 338 3746 δὲ
367 3685 420 3748 διὰ
443 3689 561 3772 ταχέων
589 3688 641 3748 τὸν
669 3687 802 3749 κίνδυνον
830 3687 1023 3766 ἐποιήσαντο,
1062 3689 1140 3749 ὥστε
1171 3710 1205 3735 =
1236 3681 1270 3742 Is
1299 3681 1341 3743 87

168 3796 289 3872 σημεῖον
310 3792 347 3853 δὲ
379 3798 433 3855 τοῦ
456 3794 572 3878 τάχους
594 3794 646 3854 καὶ
668 3799 726 3872 τῆς
750 3786 906 3878 ἁμίλλης),
941 3787 970 3851 si
993 3786 1172 3873 periculum
1197 3797 1276 3869 erat,
1302 3807 1343 3850 ne

167 3887 254 3952 idem
277 3891 311 3952 in
335 3894 432 3956 sociis
457 3916 620 3959 summum
642 3894 813 3980 pugnandi
838 3893 980 3958 studium
1005 3899 1104 3960 esset.

259 3993 366 4076 Quam
383 4003 583 4078 sententiam,
602 4001 679 4065 dum
692 4001 872 4065 isocratem
889 4022 1047 4086 superare
1064 4000 1181 4077 studet,
1199 3999 1342 4064 absurde

167 4106 202 4165 et
224 4103 399 4167 immodice
427 4106 460 4169 in
492 4111 689 4173 contrarium
719 4110 824 4173 vertit.
871 4106 1003 4171 Etenim
1036 4109 1132 4172 sociis
1164 4107 1245 4171 adeo
1277 4129 1341 4171 non

167 4208 425 4277 Atheniensibus
449 4214 571 4278 auxilio
595 4218 709 4279 venire
732 4215 766 4279 in
790 4213 898 4279 animo
922 4225 984 4292 est,
1013 4220 1053 4277 ut
1081 4213 1121 4277 de
1146 4213 1251 4278 salute
1276 4237 1343 4277 om-

167 4313 242 4380 nino
265 4341 330 4381 non
354 4321 509 4403 timeant;
543 4322 602 4385 26:
638 4329 690 4391 καὶ
718 4330 847 4414 γάρτοι
876 4327 976 4402 οὐδεὶς
1005 4335 1065 4388 τῶν
1095 4324 1199 4389 ἄλλων
1229 4323 1344 4389 ἔδεισεν
