3022 5032
735 293 777 358 30

167 486 424 553 Atheniensium
452 492 656 577 pn'ncipatus
684 489 815 570 refutet,
850 492 1011 555 sociorum
1041 491 1236 576 felicitatem,
1272 485 1341 580 qua

170 600 376 682 septuaginta
399 620 502 661 annos
527 600 579 661 usi
607 608 690 676 sunt,
715 600 759 660 ita
783 598 952 662 describit:
978 600 1009 683 (β
1035 599 1110 685 103)

255 704 280 766 Ι.
306 710 352 772 ἐπι
374 712 471 774 τοίνυν
499 717 557 790 τῆς
579 712 732 795 ήμετέρας
754 713 918 795 ἡγεμονίας
942 713 1103 798 εὑρήσομεν
1126 713 1178 776 καὶ
1199 716 1273 788 τοὺς
1299 710 1339 776 οἷ-

163 838 237 892 κους
259 819 332 892 τοὺς
355 813 450 893 ἰδίους
471 819 544 902 πρὸς
567 817 757 902 εὐδαιμονίαν
781 818 920 880 πλεῖστον
944 818 1106 895 ἐπιδόντας
1128 822 1179 884 καλ
1202 822 1262 896 τὰς
1284 821 1337 882 τό·

165 925 233 999 λεις
256 926 405 1009 μεγίστας
427 928 600 1009 γενομένας·

259 1025 360 1092 Cuius
385 1028 433 1089 rei
456 1050 576 1091 causae
602 1027 793 1092 afferuntur:

255 1136 282 1198 1.
309 1140 342 1202 οὐ
369 1142 426 1224 γὰρ
451 1140 636 1227 ἐφθονοῦμεν
659 1146 729 1215 ταῖς
753 1139 970 1225 αὐξανομέναις
994 1139 1093 1201 αὐτῶν

254 1242 283 1303 2.
310 1246 380 1309 οὐδὲ
410 1250 550 1332 ταραχάς
580 1247 767 1331 ένεποιυῦμεν
797 1246 952 1320 πολιτείας
992 1245 1131 1320 ἐναντίας
1169 1246 1337 1330 παρακαθι-

168 1354 307 1428 στάντες,
332 1347 364 1415 ἵν’
390 1353 539 1431 ἀλλήλοις
563 1353 616 1437 μὲν
641 1352 839 1427 στασιάζοιεν,
870 1391 876 1402 ·
900 1390 905 1400 ·
930 1389 936 1401 ·
960 1390 965 1401 ·

255 1454 285 1517 3.
310 1459 393 1520 ἀλλὰ
420 1462 476 1537 τήν
501 1465 561 1519 τῶν
592 1459 757 1543 συμμάχων
787 1458 927 1543 ὁμόνοιαν
953 1460 1052 1537 κοινὴν
1080 1459 1228 1545 ὠφέλειαν
1255 1459 1335 1542 νομί-

165 1563 271 1640 ζοντες
294 1571 360 1640 τοῖς
387 1565 493 1639 αὐτοῖς
519 1565 622 1649 νόμοις
650 1566 770 1640 ἁπάσας
796 1567 853 1640 τὰς
879 1566 979 1640 πόλεις
1007 1566 1175 1650 διῳκοῢμεν
1204 1603 1239 1627 ·.
1264 1603 1270 1614 ·
1291 1573 1335 1648 τῷ

165 1671 219 1756 μὲν
249 1670 360 1750 πλήθει
391 1669 589 1756 βοηθοῦντες,
623 1678 690 1747 ταῖς
721 1673 757 1735 δὲ
787 1674 975 1747 δυναστείαις
997 1674 1210 1755 πολεμοῦντες,
1241 1672 1339 1734 δεινὸν

168 1776 326 1862 ήγυόμενυι
348 1781 423 1853 τοὺς
444 1779 577 1854 πολλοὺς
600 1780 654 1841 ὑπὸ
678 1786 744 1855 τοῖς
768 1778 883 1864 ὀλίγοις
906 1775 986 1841 εἶναι·

258 1877 351 1957 Quae
384 1879 527 1944 breviter
562 1883 581 1959 ἕ
614 1881 676 1947 106
708 1883 752 1944 ita
786 1880 1116 1966 comprehenduntur:
1142 1881 1340 1970 ἑβδομήκοντ’

165 1988 219 2068 ἔτη
250 1991 426 2054 διετέλεσαν
460 1989 571 2077 ἄπειροι
602 1994 656 2078 μὲν
683 1995 878 2077 τυραννίδων,
912 1992 1064 2079 ἐλεύθεροι
1094 1993 1131 2054 δὲ
1161 1993 1236 2077 πρὸς
1272 1994 1341 2065 τοὺς

165 2095 343 2182 βαρβάρους,
361 2097 560 2161 ἀστασίαστοι
575 2100 611 2161 δὲ
626 2101 700 2184 πρὸς
715 2106 796 2187 σφᾶς
812 2099 933 2174 αὐτοὺς,
951 2099 1064 2183 εἰρήνην
1079 2096 1108 2161 δ’
1124 2096 1251 2183 ἄγοντες
1269 2098 1343 2184 πρὸς

165 2204 280 2278 πάντας
302 2203 487 2290 ἀνθρώπους·

258 2306 351 2385 Quae
376 2308 483 2369 omnia
507 2309 629 2393 optime
654 2318 843 2391 argumento
867 2307 1065 2370 inserviunt:
1090 2305 1343 2369 Atheniensium

68 2445 69 2449 ¹
169 2416 326 2477 intererat
360 2413 530 2478 dediticios
559 2437 623 2478 non
656 2413 848 2491 confirmari,
881 2414 939 2476 sed
971 2413 1151 2476 domestica
1179 2410 1342 2476 discordia

172 2520 317 2606 distrahi,
343 2543 406 2605 quo
430 2523 534 2605 inagis
565 2521 628 2584 sihi
651 2521 737 2584 dicto
762 2521 931 2584 audientes
960 2532 1079 2584 essent.
1128 2519 1195 2583 Sed
1218 2528 1342 2582 tanturn

171 2627 262 2708 afuit,
286 2638 322 2690 ut
345 2650 401 2690 eos
424 2627 599 2710 turbarent,
624 2632 663 2692 ut
685 2649 742 2692 eos
765 2629 941 2715 participes
957 2629 1005 2690 rei
1027 2626 1176 2713 publicae
1202 2628 1342 2711 optimae

172 2735 296 2797 formae
321 2734 468 2798 lacerent
493 2757 693 2820 causamque
718 2735 912 2816 discordiae,
937 2744 1104 2819 tyrannos
1130 2733 1342 2819 expellerent.

169 2840 286 2925 Itaque
310 2843 464 2927 quoniam
488 2840 577 2926 apud
602 2864 713 2905 omnes
740 2841 848 2905 socios
872 2863 939 2928 pax
968 2850 1000 2903 et
1022 2839 1162 2904 felicitas
1188 2841 1248 2904 sub
1272 2839 1340 2903 illo-

171 2970 244 3010 rum
260 2949 447 3032 principatu
462 2947 531 3028 fuit,
557 2949 677 3010 iterum
693 2950 862 3033 imperium
886 2948 928 3011 ad
946 2969 1002 3010 eos
1020 2947 1185 3010 deleratur
1202 2952 1339 3032 oportet.

263 3053 416 3138 Sequitur
433 3055 630 3117 contrarium
646 3054 865 3139 (115-117):

260 3160 305 3222 Π.
335 3160 493 3241 „Prorsus
518 3161 582 3225 alia
599 3160 800 3225 Graecorum
826 3161 973 3225 condicio
997 3183 1084 3226 nunc
1108 3172 1172 3225 est:
1197 3171 1344 3228 τοσοῦτον

167 3269 194 3335 δ’
221 3271 363 3358 ἀπέχουσι
386 3280 445 3352 τής
467 3273 644 3360 ἐλευθερίας
666 3275 717 3336 καὶ
739 3281 794 3352 τῆς
817 3274 1005 3359 αὐτονομίας,
1038 3269 1107 3348 orn*
1140 3273 1171 3335 αἱ
1204 3274 1257 3358 μὲν
1289 3272 1344 3334 ὑπὸ

166 3379 320 3464 τυράννοις
343 3379 406 3451 εἰσί,
431 3382 487 3454 τὰς
509 3374 536 3442 δ’
555 3382 703 3466 ἁρμοσταὶ
725 3378 912 3467 κατέχουσιν,
938 3378 1011 3442 ἔνιαι
1033 3376 1231 3443 δ’ἀνάστατοι
1253 3379 1343 3464 γεγό-

167 3508 243 3566 νασι,
278 3494 339 3548 τῶν
369 3480 397 3547 δ’
423 3487 449 3549 οἱ
482 3485 626 3573 βάρβαροι
657 3488 804 3550 δεσπόται
826 3487 1060 3567 καθεστήκασιν.

257 3586 320 3651 ΙΙΙ.
354 3588 438 3650 Tum
466 3589 550 3651 redit
580 3588 623 3651 ad
655 3588 825 3673 pristinam
856 3587 1042 3652 felicitatem
1076 3586 1341 3653 describendam:

167 3700 217 3775 οὓς
239 3701 325 3785 ἡμεῖς
349 3739 355 3750 ·
379 3738 384 3750 ·
409 3739 414 3750 ·
438 3701 515 3763 οότω
540 3700 689 3783 διέθεμεν,
713 3703 788 3774 ὥςτε
810 3703 850 3786 μή
876 3701 964 3786 μονόν
987 3699 1161 3763 παύσασθαι
1184 3700 1345 3787 στρατείας

166 3800 210 3894 ἐφ’
227 3809 306 3891 ήμάς
329 3809 526 3892 ποιουμένους,
551 3807 635 3869 ἀλλὰ
656 3807 708 3870 καὶ
723 3809 778 3883 τήν
795 3808 894 3870 αὐτῶν
909 3813 1007 3893 χώραν
1031 3807 1194 3893 ἀνέχεσθαι
1216 3806 1343 3893 πορθου-

168 3915 265 3997 μένην,
293 3915 345 3976 καὶ
367 3915 537 3988 διακοσίαις
563 3915 614 3975 καὶ
637 3914 747 4000 χιλίαις
775 3914 860 3977 ναυσὶ
887 3914 1097 3999 περιπλέοντας
1125 3914 1164 3990 εἰς
1192 3912 1344 3994 τοσαύτην

167 4020 370 4099 ταπεινότητα
397 4021 638 4106 κατεστήσαμεν,
668 4022 741 4095 ὥςτε
766 4022 879 4105 μακρὸν
906 4021 1008 4083 πλοῖον
1031 4020 1077 4083 ἐπὶ
1105 4023 1181 4084 τάδε
1205 4021 1342 4100 Φασήλι-

167 4127 224 4200 δος
248 4128 289 4211 μή
312 4126 475 4189 καθέλκειν
499 4122 570 4189 ἀλλ’
592 4129 715 4225 ήσυχίαν
740 4125 830 4210 ἄγειν·

256 4226 316 4291 IV.
342 4227 426 4292 Tum
456 4229 577 4293 iterum
613 4228 815 4293 contrarium
849 4229 1006 4315 proponit
1015 4230 1051 4314 ¹):
1088 4235 1139 4295 καὶ
1173 4227 1263 4297 ταῦθ’
1297 4234 1344 4298 ότι
