3022 5032
710 348 751 413 37

626 437 839 445 ————.———..

150 549 278 636 δυ’ναμις
301 557 360 629 τῆς
380 546 580 624 Ἑλλάδος
563 572 598 628 ην
622 571 721 632 σωτηρ
723 541 799 628 tull)
848 541 985 623 Quidvis
1013 544 1120 628 potius
1152 552 1319 627 exspectes

143 673 243 738 quam
266 651 350 715 hanc
379 650 557 715 absurdum
588 650 820 714 sententiarum
853 670 991 713 nexum·
1042 649 1128 729 „Sed
1159 648 1256 714 etiam
1284 648 1319 713 in

142 757 246 822 rebus
269 758 419 822 adversis
443 757 595 821 virtutem
624 758 874 842 praebuerunt,¹
901 778 937 831 ec
975 699 1062 841 quod
1096 755 1209 841 paullo
1244 763 1321 841 post

142 886 239 928 suam
276 864 451 949 potentiam
482 862 644 927 Graeciae
688 862 890 949 praesidium
932 862 1035 926 fuisse
1069 860 1316 926 ostenderunt.“

143 971 247 1036 immo
271 972 378 1058 potius
404 970 624 1052 calamitates²
662 969 1028 1057 quaaAtheniensium
1058 971 1202 1054 potentia
1231 968 1319 1033 debi-

143 1076 234 1141 litata
265 1077 403 1143 Graecis
439 1076 642 1158 acciderunt,
680 1077 891 1143 ostenderunt
925 1077 1098 1162 pristinam
1132 1074 1320 1139 felicitatem

143 1185 192 1248 eis
225 1184 346 1249 deberi.
400 1183 505 1249 Recte
541 1183 641 1268 igitur
676 1182 765 1269 apud
798 1183 979 1263 Isocratem
1014 1181 1121 1246 solum
1156 1183 1320 1247 sententia

147 1313 183 1354 se
206 1290 315 1357 habet.
914 1366 917 1370 λ

232 1396 298 1462 Sed
321 1419 386 1461 non
404 1396 510 1462 solum
525 1396 626 1461 verba
643 1401 805 1477 ἐπέδειξαν
820 1402 856 1463 δὲ
872 1402 924 1464 καὶ
941 1402 971 1463 ἐν
986 1406 1058 1476 ταῖς
1072 1403 1249 1488 δυστυχίαις
1265 1403 1320 1482 τὴν

141 1509 260 1573 ἑαυτῶν
284 1510 393 1596 ἀρετήν
417 1503 633 1590 pessumdata
657 1513 741 1581 sunt,
768 1503 947 1574 sedetiam
972 1525 1055 1588 quae
1081 1510 1275 1590 sequuntur.

230 1611 377 1675 Primum
403 1611 488 1676 enim
514 1610 893 1691 011οη1111011000111110
916 1618 1085 1702 δυνάμεως.
1130 1610 1253 1695 Aptius
1277 1612 1322 1674 ita

139 1717 271 1783 locutus
299 1729 408 1782 esset:
442 1723 637 1809 ἀπολομένων
660 1725 717 1808 γὰρ
741 1731 801 1785 τῶν
824 1731 897 1785 νεῶν
921 1761 926 1772 ·
951 1762 956 1772 ·
980 1761 985 1772 ·
1009 1723 1168 1802 ἐδήλωσαν
1193 1723 1226 1786 οὐ
1250 1725 1321 1786 πολ-

139 1833 186 1915 λῷ
209 1831 304 1917 χρόνῳ
329 1831 459 1916 ὕστερον,
483 1830 530 1894 ὅτι
552 1833 570 1910 ἡ
594 1836 653 1909 τῆς
675 1830 794 1905 πόλεως
817 1829 916 1917 ἀρχὴ
941 1837 998 1909 τῆς
1019 1827 1182 1905 Ἑλλάδος
1205 1827 1241 1909 ἦν
1265 1852 1320 1893 σω-

141 1938 239 2022 τηρία·
284 1931 371 1997 Νο111
401 1954 441 1997 00
473 1953 555 2017 quae
581 1935 780 2017 sequuntur:
817 1937 926 2022 ἐτέρων
955 1939 1013 2022 γὰρ
1041 1937 1246 2022 ἡγεμόνων
1268 1960 1321 2001 κα·

145 2044 323 2106 τασπάντων
355 2037 399 2102 ad
422 2038 560 2102 verbum
591 2059 696 2123 paene
720 2060 760 2102 cx
789 2038 938 2102 Isocrate
964 2040 1129 2123 exscripta
1160 2037 1243 2102 illud
1267 2061 1321 2102 vo·

142 2141 297 2207 cabulum
319 2143 415 2230 plane
446 2143 636 2208 desiderant
668 2154 699 2206 et
730 2143 913 2228 postulant.
960 2142 996 2207 Si
1017 2149 1146 2229 δύναμις
1176 2156 1263 2210 10010
1287 2167 1322 2210 00

142 2248 288 2329 haberet,
311 2253 503 2316 sententiam
526 2252 574 2315 ita
598 2250 740 2332 exordiri
757 2253 918 2336 oportuit:
946 2253 1085 2330 „etenim
1109 2252 1163 2315 illa
1187 2253 1321 2317 fracta“.

142 2356 258 2423 Noluit
280 2359 379 2443 igitur
403 2360 541 2444 scriptor
564 2358 723 2422 Isocratis
748 2363 977 2442 argumentum
994 2356 1140 2443 profiteri
1198 2360 1322 2422 Tamen

140 2486 221 2529 vero
245 2487 303 2550 pro
334 2470 411 2560 ἀρχῇ
442 2473 569 2558 δυνάμει
599 2467 706 2551 posita
728 2465 896 2540 incautius
928 2472 1046 2550 postea
1071 2466 1247 2550 exemplar,
1281 2466 1322 2530 si·

140 2573 210 2636 cuti
233 2572 410 2636 identidem
434 2576 544 2655 antea,
570 2580 703 2637 secutus
729 2581 786 2635 est.
928 2640 929 2646 γ

231 2679 361 2744 Deinde
387 2689 496 2742 autern
512 2691 669 2772 συμφορᾶς
684 2685 800 2763 ἐκείνης
824 2685 971 2770 μεγίστης
985 2687 1150 2768 γενομένης
1175 2684 1237 2763 (καὶ
1254 2686 1323 2770 ἡμῖν

142 2797 210 2866 τοῖς
239 2793 447 2878 δυστυχήσασι
474 2784 538 2872 καὶ)
567 2798 634 2867 τοῖς
668 2785 804 2870 (ἄλλοις)
829 2787 975 2870 Ἑλλησιν
1004 2791 1164 2871 ἐδήλωσαν
1189 2831 1195 2842 ·
1219 2830 1224 2842 ·
1248 2831 1254 2842 ·
1277 2791 1323 2854 ὅτι

141 2899 245 2978 ήτῆς
267 2899 387 2974 πόλεως
414 2897 542 2984 δύναμις
573 2905 633 2977 τής
652 2897 814 2972 Ἑλλάδος
836 2893 871 2975 ήν
895 2897 1026 2982 σωτηρία
1057 2891 1238 2976 tautologia
1262 2895 1322 2956 est.

233 3000 355 3065 Dicere
380 3003 466 3064 enim
491 3000 603 3064 debuit
626 3009 699 3063 aut:
726 3004 919 3089 ἀπολομένων
942 3005 1000 3089 γὰρ
1023 3011 1084 3065 τῶν
1107 3011 1179 3066 νεῶν
1203 3006 1234 3066 ἐν
1247 3002 1322 3066 Ἑλ-

144 3111 305 3200 λησπόντῳ
336 3115 354 3194 ἡ
386 3116 524 3201 συμφορὰ
548 3111 643 3191 ἐκείνη
669 3113 796 3198 μεγίστη
827 3113 947 3196 ἐγένετο
978 3110 1011 3172 οὐ
1041 3111 1130 3196 μόνον
1157 3113 1227 3196 ἡμῖν
1257 3118 1324 3186 τοῖς

142 3220 366 3305 δυστυχήσασιν
394 3222 479 3283 ἀλλὰ
501 3220 645 3294 καὶτοῖς
676 3216 786 3293 ἄλλοις
802 3216 959 3298 Ἕλλησιν,
979 3216 1056 3275 aut:
1090 3217 1168 3301 άγ.
1193 3241 1219 3280 τ·
1242 3241 1266 3279 ν.
1293 3218 1323 3280 ἐν

141 3320 359 3413 Ἑλλησπόντῳ
384 3329 586 3421 ἐδήλωσανο
571 3326 773 3419 οὸπολλῷ“
758 3347 889 3412 υστεμον,
923 3325 1064 3413 ὅτιή
1042 3347 1107 3428 της
1129 3326 1249 3401 πόλεως
1271 3325 1322 3388 δυ-

140 3456 232 3528 ναμις
253 3441 313 3514 τῆς
339 3416 543 3522 Ἑλλάδος
526 3457 562 3514 ην
592 3434 724 3526 σωτηρία
753 3425 807 3514 vel
837 3417 943 3509 11111110
973 3424 1093 3525 aptius,
1130 3427 1206 3513 quia
1237 3427 1323 3491 intra

141 3524 344 3602 Graecorum
369 3530 532 3626 0010101101
485 3544 568 3599 010
578 3533 759 3625 describit:
784 3508 864 3619 tat
887 3545 947 3618 τῆς
962 3535 1122 3630 πόλεως
1105 3561 1186 3618 ηττα
1207 3540 1318 3609 <και>

140 3656 200 3728 της
223 3625 422 3724 ’'‘Eatatog'
405 3671 441 3727 ην
465 3645 610 3736 συμφορά.
659 3616 752 3729 Nunc
778 3627 890 3704 autem
914 3650 990 3731 auct
993 3661 1029 3702 01
1053 3638 1096 3704 ad
1130 3646 1323 3731 ἀπολομένων

140 3759 200 3841 γὰρ
224 3764 286 3836 των
308 3764 382 3819 νεῶν
406 3758 437 3818 ἐν
458 3753 680 3838 Ἑλλησπόντῳ
709 3747 756 3834 (=
780 3743 863 3810 Is.‘
850 3751 917 3859 άμα
939 3753 997 3837 γὰρ
982 3754 1109 3838 ρήμεῒς
1131 3775 1206 3815 τε
1190 3760 1249 3832 τῆς
1272 3753 1323 3838 ἀρ-

141 3868 201 3948 χής
230 3856 492 3949 ἀπεστερούμεὸλα)
530 3851 666 3921 alteram
702 3853 852 3917 1000101
817 3865 888 3917 1000
926 3852 1160 3943 enuntiationis
1195 3857 1323 3939 partem

143 3964 191 4049 (=
214 3969 266 4038 καὶ
288 3974 354 4046 τοῖς
370 3959 518 4052 Ἕλλησιν
542 3967 624 4056 ἀρχή
641 3940 701 4054 τῶν
724 3977 825 4045 κακῶν
850 3961 985 4054 ἐγένετο)
1007 3938 1154 4045 genetivi
1177 3959 1324 4025 absoluti

141 4071 384 4137 constructione
408 4072 452 4135 ita
476 4064 690 4140 addiditsaal
714 4082 869 4164 συμφορᾶς
892 4077 1008 4154 ἐκείνης
1032 4058 1178 4158 μεγίστης
1200 4075 1322 4157 γενομέ·

141 4169 197 4266 1ης
220 4192 287 4260 τοῖς
309 4181 462 4264 Ἐλλησιν.
510 4179 593 4244 Tum
621 4183 660 4242 111
684 4170 880 4242 sententiam
908 4175 1094 4263 perficeret,
1125 4172 1218 4237 illam
1242 4171 1322 4236 alte-

141 4307 211 4350 ram
232 4299 364 4372 partem
379 4289 537 4373 repetivit
559 4286 671 4351 verbis
696 4287 912 4366 immutatis,
939 4288 977 4347 ut
1000 4304 1059 4367 pro
1084 4292 1224 4371 συμφορᾷ
1248 4300 1322 4343 con-

141 4395 287 4473 trarium,
313 4402 470 4487 σωτηρίαν,
495 4404 632 4481 poneret
648 4393 842 4480 reliquaque
867 4391 910 4455 ad
926 4389 1179 4462 conformaret.
1217 4384 1322 4467 Quam
