3022 5032
744 329 784 391 17

658 421 869 428 ...ἢ-

627 613 754 701 Caput
776 615 895 700 prius.

379 723 582 787 Isocrates
606 745 697 784 num
720 744 823 785 usus
849 723 902 784 sit
927 719 1144 808 epitaphio,

421 847 470 912 De
493 845 628 913 Blassii
652 848 688 912 et
715 845 858 912 Lebelll
889 846 1122 926 argumentis.

264 955 311 1019 Et
343 953 474 1018 Blassio
509 963 541 1017 et
572 953 711 1018 Lebello
746 974 946 1039 persuasum
980 961 1030 1016 est
1058 952 1240 1017 Isocratem
1276 974 1350 1017 esse

174 1064 373 1127 imitatorem.
410 1061 480 1124 Nec
504 1062 622 1124 mirum
646 1064 696 1123 est
712 1058 892 1124 Lebellum.
907 1059 952 1122 ita
968 1059 1124 1125 iudicare.
1160 1058 1241 1123 Oum
1266 1061 1352 1124 enim

178 1177 307 1234 veteres
331 1172 479 1233 sectatus
495 1168 633 1253 Lysiam
657 1165 811 1252 epitaphii
835 1165 1029 1252 scriptorem
1053 1189 1127 1231 esse
1152 1164 1270 1246 credat,
1302 1165 1348 1229 fa-

176 1299 248 1344 cere
272 1298 337 1340 non
360 1280 479 1361 potest,
506 1275 584 1358 quin
600 1273 782 1336 Isocratem
804 1272 883 1336 furti
899 1273 1073 1337 insimulet.
1121 1272 1244 1337 Tamen
1270 1295 1348 1358 quo-

172 1383 262 1448 niam
285 1381 368 1446 nihil
393 1383 508 1462 omisit,
542 1379 629 1465 quod
658 1380 700 1442 ad
731 1379 1007 1465 comprobandam
1037 1379 1229 1445 sententiam
1256 1402 1350 1444 suam
1433 1420 1448 1442 κ

174 1491 328 1575 pertinet,
352 1488 484 1575 paginis
514 1487 646 1551 62-68
670 1486 772 1551 libelli
800 1489 853 1550 sui
875 1486 965 1552 locos
993 1487 1166 1572 utriusque
1194 1487 1350 1552 orationis

176 1605 396 1682 congruentes
430 1597 524 1659 iuxta
551 1595 663 1680 posuit
686 1595 907 1678 brevibusque
938 1595 1204 1658 annotationibus
1234 1595 1348 1679 Lysia·

173 1727 245 1768 cam
269 1704 469 1768 sententiam
488 1703 627 1786 priorem
652 1722 723 1765 esse
741 1702 913 1766 ostendere
938 1712 1075 1766 conatus
1093 1713 1150 1765 est.
1196 1700 1349 1766 Blassius

173 1821 282 1874 autem
315 1829 510 1893 quamquam
542 1807 741 1894 epitaphium
772 1818 908 1894 propter
937 1831 1041 1892 genus
1074 1808 1204 1872 dicendi
1226 1808 1348 1894 Lysiae

173 1937 239 1978 non
256 1936 329 1978 esse
347 1923 468 1996 censet,
493 1914 598 1979 tribus
614 1914 667 1978 vel
686 1924 837 2000 quattuor
853 1915 932 1979 loeis
951 1915 1151 2000 comparatis
1175 1915 1347 1979 Lebellum

174 2020 295 2106 partim
312 2022 465 2105 sequitur.
505 2020 682 2086 Proferunt
697 2023 795 2106 igitur
811 2021 912 2104 locos,
939 2022 1056 2108 quibus
1080 2022 1252 2086 manifesto
1278 2023 1347 2085 Iso·

178 2134 302 2191 cratem
328 2137 384 2191 aut
407 2128 593 2214 vituperare
618 2139 674 2191 aut
703 2129 862 2192 aemulari
884 2129 1020 2214 Lysiam
1044 2130 1238 2193 existiment.
1284 2128 1348 2192 Ac·
1426 2143 1431 2160 ·

175 2233 271 2320 cedit,
302 2233 389 2320 qnod
412 2233 570 2298 Lebellus
594 2235 734 2299 maxime
759 2257 891 2320 operam
915 2235 978 2318 dat,
1010 2246 1046 2299 ut
1067 2237 1202 2320 Lysiam
1226 2235 1347 2322 simpli·

177 2341 306 2424 ciorem,
340 2339 531 2419 breviorem,
565 2343 775 2405 sinceriorem
806 2342 1007 2406 demonstret
1038 2365 1134 2427 quam
1157 2343 1345 2424 Isocratem,

175 2451 229 2533 qui
262 2470 362 2533 saepe
395 2447 620 2535 depromptam
652 2449 846 2513 sententiam
878 2460 934 2512 aut
966 2453 1088 2534 augeat
1119 2461 1174 2514 aut
1203 2446 1345 2526 causain,

175 2576 234 2619 cur
257 2542 309 2619 res
332 2556 378 2618 ita
401 2576 437 2619 se
461 2555 589 2633 habeat,
615 2554 726 2620 addat.

264 2660 445 2725 Audiamus
470 2685 557 2725 nunc
581 2663 656 2748 ipsa
679 2664 824 2726 virorum
849 2662 1016 2726 doctorum
1040 2669 1250 2747 argumenta:

264 2769 292 2830 1.
318 2767 476 2853 Legimus
500 2768 586 2853 apud
609 2769 745 2852 Lysiam
770 2771 826 2833 θῦε
852 2769 939 2838 Ἀλλ’
965 2777 1105 2861 ὑπεριδὼν
1128 2777 1241 2838 καὶτὰ
1265 2775 1348 2863 φύσει

171 2880 325 2968 πεφυκότα
364 2882 415 2943 καὶ
445 2883 486 2943 τὰ
526 2881 596 2943 θεῖα
628 2883 793 2967 πράγματα
820 2884 871 2944 καὶ
901 2885 961 2958 τὰς
992 2882 1180 2968 ἀνθρωπίνας
1211 2885 1347 2958 διανοίας

171 2987 241 3049 ὁδὸν
266 2989 319 3072 μὲν
341 2989 394 3049 διὰ
416 2995 475 3066 τῆς
497 2988 663 3068 θαλάσσης
686 2989 856 3068 ἐποιήσατο,
889 2992 981 3052 πλοῦν
1009 2991 1045 3052 δὲ
1068 2992 1120 3052 διὰ
1143 2997 1202 3068 τῆς
1231 2997 1290 3074 γῆς
1312 2991 1345 3069 ἠ-

169 3095 303 3174 νάγκασε
327 3093 479 3177 γενέσθαι,
512 3095 622 3171 ζεύξας
652 3097 705 3180 μὲν
728 3098 781 3158 τὸν
804 3091 1038 3175 Ἑλλήσποντον,
1066 3095 1206 3178 διορύξας
1233 3098 1269 3158 δὲ
1293 3099 1346 3158 τὸν

163 3194 268 3262 Ἀθιο-

261 3299 371 3362 Paene
412 3299 526 3364 eadem
564 3303 668 3365 verba
707 3305 738 3365 in
780 3303 978 3387 panegyrico
1021 3305 1063 3368 89
1098 3304 1255 3388 legimus:
1294 3312 1346 3372 καὶ

171 3413 405 3495 συνηνάγκασεν
434 3410 450 3474 ὃ
478 3415 590 3488 πάντες
619 3413 785 3499 θρυλοῦσιν,
814 3419 893 3478 ὥστε
920 3425 964 3500 τῷ
994 3418 1189 3502 στρατοπέδῳ
1219 3419 1346 3480 πλεῦσαι

171 3520 225 3603 μὲν
247 3519 299 3580 διὰ
322 3525 381 3597 τῆς
403 3519 530 3604 ἠπείρου,
553 3520 694 3596 πεζεῦσαι
717 3523 753 3583 δὲ
776 3523 827 3583 διὰ
851 3529 909 3599 τῆς
932 3522 1098 3603 θαλάττης-

260 3618 373 3704 Atque
403 3619 546 3704 primum
583 3621 715 3707 quidem
746 3609 925 3686 [socratem
952 3625 1075 3709 ipsum,
1109 3647 1182 3688 cum
1218 3625 1300 3689 illud
1330 3629 1345 3694 θ

172 3732 284 3805 πάντες
311 3730 454 3815 θρυλοῦσι
481 3726 598 3804 addat,
633 3731 829 3793 imitatorem
860 3753 896 3792 se
926 3751 999 3795 esse
1027 3732 1187 3817 profiteri,
1228 3732 1344 3796 deinde

171 3839 281 3891 autem
305 3834 462 3896 enuntiati
491 3833 631 3898 formam
662 3836 752 3922 apud
774 3837 955 3900 isocratem
984 3838 1084 3900 multo
1112 3839 1345 3923 elegantiorem

169 3934 318 4019 adeoque
345 3938 509 4004 meliorem
540 3964 623 4019 esse,
653 3948 691 4005 ut
717 3943 862 4027 intellegi
893 3968 959 4007 non
986 3947 1101 4030 possit,
1133 3968 1189 4010 cuir
1212 3945 1342 4030 Lysias,

171 4043 201 4106 si
227 4053 314 4106 esset
329 4042 479 4126 imitatus
505 4048 639 4112 formam
665 4071 794 4135 quoque
812 4051 991 4115 sententiae
1015 4075 1174 4138 usurpare
1192 4053 1342 4117 noluerit.

262 4150 291 4213 2.
316 4149 453 4235 Lysiam
479 4154 567 4238 (epit.
586 4156 641 4238 38)
666 4179 811 4241 pugnam
836 4156 1045 4222 Salaminiam
1071 4162 1201 4245 copiose
1226 4159 1345 4223 descri-

169 4254 258 4338 bere,
285 4257 489 4322 Graecorum
521 4270 552 4323 et
584 4263 795 4326 barbarorum
827 4287 963 4349 paeana,
997 4266 1245 4346 cohortationes
1277 4267 1343 4330 cla-

170 4384 275 4427 mores
300 4365 448 4451 aliosque
483 4367 599 4452 proelii
623 4379 764 4433 terrores
795 4393 1056 4436 commemorare.
1104 4372 1178 4437 Non
1207 4372 1341 4437 fortuito

1165 4476 1182 4526 2
