3022 5032
618 325 832 429 ...m

135 522 296 608 Gorgiam
319 527 474 586 secutus:
510 527 587 613 εὕροι
609 521 637 590 δ’
663 525 700 590 ἄν
722 549 771 602 τις
793 527 828 588 ἐκ
852 527 905 612 μὲν
927 533 981 588 ποῦ
1005 525 1148 610 πολέμου,
1162 531 1216 586 τοῦ
1240 525 1314 608 πρὸς

133 639 209 712 τοὺς
232 633 404 721 βαρβάρους
427 635 537 721 ὕμνους
560 637 782 717 πεποιημένους,
817 633 857 694 ἐκ
873 634 910 694 δὲ
932 639 986 694 τοῦ
1010 632 1084 716 πρὸς
1106 633 1180 706 τοὺς
1196 629 1311 711 Ἕλλη-

132 765 192 819 νας
214 743 344 828 βρηνους
366 744 435 826 ἡμῖν
457 744 690 827 γεγενημένους,
723 741 871 814 καὶτοὺς
895 740 947 823 μὲν
976 739 1006 801 ἐν
1037 744 1107 814 παῖς
1138 737 1257 823 ἑορταῖς
1280 738 1313 799 ἀ-

132 852 292 935 δομένους,
317 852 391 924 τοὺς
413 842 441 911 δ’
466 849 511 910 ἐπὶ
533 854 604 923 ταῖς
627 850 793 934 συμφοραῖς
815 849 899 931 ἡμᾶς
923 849 1129 932 μεμνημένους
1141 840 1162 924 ¹)
1211 867 1213 870 ·

227 951 367 1014 Tantum
391 972 470 1013 vero
488 947 612 1012 afuisse
636 955 789 1034 puto,3ut
804 948 958 1011 Isocratis
983 945 1159 1032 populares
1182 946 1224 1010 ab
1241 948 1312 1009 eius

134 1057 257 1122 iudicio
274 1065 410 1137 starent,
436 1061 474 1118 ut
496 1055 711 1135 illavictoria,
738 1068 803 1142 qua
826 1054 918 1119 urbis
935 1054 1064 1118 moenia
1087 1053 1210 1118 refecta
1227 1063 1311 1134 sunt,

139 1163 422 1250 Peloponnesique
446 1165 627 1227 vastatione
652 1163 865 1228 vehementer
887 1162 1112 1247 gloriarentur
1134 1183 1242 1246 neque
1260 1182 1313 1224 ne-

137 1271 188 1334 fas
211 1274 369 1357 putarent
391 1269 687 1350 Lacedaemonios,
723 1292 741 1333 a
767 1268 885 1355 quibus
908 1268 1006 1333 tantis
1032 1266 1179 1332 cladibus
1204 1267 1314 1330 affecti

135 1385 242 1455 erant,
269 1376 411 1440 invicem
434 1398 565 1441 vexare.

227 1483 334 1548 Multo
363 1485 467 1567 magis
499 1506 571 1546 cam
603 1482 790 1580 opinionem
818 1484 852 1545 in
886 1481 1051 1567 epitaphio
1081 1485 1255 1566 exspectes
1279 1480 1314 1543 in

137 1591 295 1654 honorem
332 1611 444 1654 eorum
480 1589 608 1671 habito,
651 1588 707 1675 qni
743 1611 762 1652 a
795 1588 1067 1652 Lacedaemoniis
1105 1590 1192 1652 caesi
1230 1597 1313 1650 sunt.

138 1697 226 1778 Quid
250 1697 337 1761 enim
372 1695 547 1760 absurdius
585 1700 637 1760 cst
672 1717 769 1783 quam
804 1707 1002 1760 mortuorum
1037 1697 1229 1781 propinquis
1261 1694 1314 1758 de-

75 1862 78 1866 ,
135 1790 322 1868 monstrare
353 1802 437 1866 filios
468 1802 650 1888 fratresque
680 1802 803 1866 iniusto
838 1801 928 1865 bello
965 1801 1148 1866 cecidisse?
1201 1802 1313 1887 ltaque

136 1913 168 1973 si
192 1910 349 1996 epitaphii
373 1911 513 1995 scriptor
536 1909 593 1974 illa
616 1910 703 1973 facta
727 1931 975 2001 commemorare
1000 1910 1109 1989 voluit,
1145 1913 1315 1993 tamquam

141 2039 264 2081 summa
288 2017 384 2081 laude
409 2017 505 2101 digna
526 2016 716 2102 praedicare
741 2016 863 2094 debuit,
889 2017 1078 2102 praesertim
1102 2038 1175 2080 curn
1200 2014 1315 2078 eodem

139 2121 225 2186 bello
250 2121 455 2207 accidissent,
482 2123 521 2186 de
547 2145 610 2209 quo
628 2121 804 2187 *funebrem
829 2116 1009 2186 orationem
1033 2121 1183 2186 habebat.

209 2230 352 2294 ‘Tamen
375 2231 451 2294 item
480 2240 575 2315 atque
599 2229 763 2293 Isocrates
787 2229 1122 2307 Lacedaemoniorum
1152 2228 1313 2293 calamita·

136 2346 205 2399 tem
228 2345 263 2399 ut
286 2335 429 2400 omnium
455 2335 658 2401 Graecorum
688 2335 813 2401 cladem
837 2334 1001 2422 queritur:
1031 2335 1089 2400 58:
1126 2339 1234 2426 ἑτέρων
1257 2342 1315 2426 γὰρ

140 2445 295 2534 ἡγεμόνων
322 2452 497 2534 ’γενομένων
532 2449 670 2528 ἐνίκησαν
706 2450 759 2533 μὲν
793 2455 1018 2535 ναυμαχοῦντες
1052 2450 1125 2523 ποὺς
1156 2446 1317 2527 Ἕλληνας

142 2549 343 2625 <sciliceta
360 2559 439 2640 μετὰ
454 2551 659 2633 Korama,
685 2554 835 2620 ἔπλευσαν
850 2549 926 2630 δἐἰς
945 2557 1000 2634 τὴν
1016 2553 1169 2640 Εὐρώπην,
1191 2553 1315 2618 δουλεύ-

135 2683 203 2725 ουσι
224 2663 261 2724 δὲ
285 2662 390 2736 πόλεις
412 2671 473 2724 τῶν
493 2661 547 2725 ‘Et
555 2663 653 2742 λήνων
675 2664 743 2724 κτλ.

144 2831 145 2834 ¹
226 2761 326 2848 Apud
349 2762 536 2845 Isocratem,
568 2765 623 2849 qui
650 2765 743 2826 venit
774 2767 1005 2854 συμβουλεύσων
1027 2771 1091 2854 περί
1118 2792 1152 2831 πε
1187 2775 1241 2831 τοῦ
1265 2791 1316 2832 πο-

137 2875 231 2960 λέμου
260 2882 313 2937 τοῦ
337 2876 412 2960 πρὸς
444 2878 518 2951 τοὺς·
547 2874 718 2961 βαρβάρους
744 2876 795 2938 καὶ
825 2882 885 2955 τῆς
917 2876 1059 2961 ὁμονοίας
1097 2872 1214 2955 optime
1244 2870 1317 2935 illae

137 2975 328 3040 sententiae
353 2981 549 3060 argumento
573 2978 813 3058 inserviebant;
836 2979 869 3042 in
895 2977 1058 3064 epitaphio
1082 2978 1179 3063 plane
1204 2977 1317 3041 absur-

140 3081 200 3144 dae
225 3092 308 3145 sunt.
355 3083 497 3165 Etenim,
523 3089 561 3147 ut
576 3083 702 3148 Dobrei
724 3085 833 3149 verbis
850 3094 932 3166 utar,
966 3085 1065 3170 „quid
1088 3086 1318 3148 commiserant

136 3185 292 3251 barbari?
337 3190 615 3255 Lacedaemonios
639 3191 726 3255 ultro
758 3191 880 3256 bellum
902 3190 1082 3256 inferentes
1113 3190 1316 3285 depulerant,

140 3315 213 3357 cum
236 3296 421 3376 iustissime,
445 3308 514 3360 tum
537 3297 800 3362 Atheniensibus
824 3298 1012 3380 utilissime,
1048 3297 1166 3383 quihus
1191 3303 1318 3384 praete·

136 3423 194 3464 rea
217 3400 295 3465 belli
318 3403 516 3489 suscipiendi
545 3407 652 3469 socios
676 3408 815 3490 pecunia
846 3427 905 3469 sua
929 3412 1217 3492 comparaverant,
1250 3429 1318 3467 mu-

137 3528 192 3572 ros
216 3508 409 3592 refecerant,
436 3510 578 3575 classem
601 3511 840 3594 instruxerant,
872 3532 953 3592 quos
979 3511 1119 3598 denique
1145 3514 1231 3577 omni
1257 3534 1317 3597 ope

134 3612 297 3681 foverant.
347 3615 433 3698 Quin
456 3617 515 3682 illa
537 3620 609 3704 ipsa
633 3621 782 3695 victoria,
820 3642 916 3706 quam
948 3631 1016 3685 tam
1039 3621 1161 3704 tragice
1198 3619 1318 3683 abomi-

137 3733 241 3804 natur,
273 3723 375 3788 maris
405 3726 576 3811 imperium
605 3726 832 3790 aLaconibus
862 3727 905 3790 ad
927 3726 1146 3791 Athenienses
1177 3736 1317 3789 transtu·

137 3825 281 3912 lerat“.²)

228 3929 330 4000 Recte
352 3941 403 4001 vir
426 3938 544 4004 doctus
568 3939 705 4026 Lysiam
734 3942 780 4010 ita
804 3939 942 4003 Athenis
966 3940 1058 4027 loqui
1081 3962 1148 4003 non
1172 3940 1317 4025 potuisse

136 4040 270 4123 iudicat,
297 4045 375 4127 quin
399 4046 577 4131 vapularet.
625 4048 708 4111 Nam
732 4047 760 4112 si
784 4049 908 4133 patriae
934 4049 1032 4111 sociis
1057 4046 1236 4127 maledicit,
1261 4067 1318 4131 pa-

139 4205 355 4214 -—-----

230 4293 250 4352 ¹)
271 4296 381 4350 lecerat.
401 4310 461 4362 pan.
481 4295 542 4348 158.

227 4380 249 4447 2)
270 4382 489 4439 Adversaria17.
