3022 5032
257 491 296 576 a)
313 488 447 572 „Malim
480 489 520 552 de
554 487 705 573 sophista
736 487 868 574 quidvis
905 486 1040 553 credere
1076 511 1173 574 quam
1203 488 1339 557 Isocrati

168 604 291 663 tantam
320 596 475 681 affingere
502 618 566 658 non
597 595 668 659 dico
699 594 943 682 impudentiam,
975 596 1036 660 sed
1064 594 1270 675 dementiam,
1301 601 1341 661 ut

168 729 243 770 cum
266 716 332 771 tarn
357 703 471 768 sedulo
501 702 687 767 inculcaret
710 725 745 768 se
776 726 861 768 nova
891 705 999 767 omnia
1027 700 1193 767 dicturum
1227 702 1340 770 eadem

168 835 269 899 «spaera
294 811 495 876 celeberrimi
519 812 685 896 scriptoris
710 811 844 874 uixdum
869 809 990 874 editum
1015 811 1300 896 depecularetu1·.“

81 997 83 1000 y
257 920 290 1003 h)
312 918 389 982 Alia
411 917 671 999 Hoelsche1¹11s¹l
695 917 833 981 addidit:
872 917 927 996 „Si
952 917 1080 981 tabulas
1104 917 1267 1000 mythicas
1288 941 1338 984 re-

95 1087 99 1093 .
169 1030 334 1112 spicimus,
359 1026 400 1090 ab
416 1026 561 1090 [socrate
580 1025 730 1089 breviore
756 1029 789 1088 et
812 1027 1018 1090 accuratiore
1042 1024 1229 1090 narratione
1252 1030 1339 1090 trac-

170 1144 253 1199 tatas
270 1157 324 1199 eas
342 1157 418 1198 cssc
434 1133 593 1212 videmus,
619 1143 654 1196 ut
677 1143 790 1197 auctor
814 1133 968 1220 epitaphii
994 1155 1034 1198 ex
1050 1133 1205 1198 Isocratis
1229 1133 1341 1199 schola

170 1233 319 1328 prodisse
346 1241 509 1326 simulque
537 1239 783 1327 philosophicos
812 1263 918 1305 mores
951 1245 1116 1307 ostentare
1143 1241 1221 1306 mihi
1250 1241 1338 1307 vide·

168 1353 274 1414 atur“.
315 1349 417 1414 Cuius
440 1350 485 1412 rei
511 1347 665 1434 exempla
688 1348 775 1434 apud
799 1347 1035 1413 Hoelscherum
1059 1348 1180 1415 videas.

255 1457 435 1540 „Isocratis
466 1454 573 1520 autem
603 1477 675 1519 eum
706 1454 901 1541 discipulum
928 1455 982 1519 vel
1012 1458 1207 1521 imitatorem
1238 1457 1339 1520 fuisse

167 1569 304 1652 apparet
328 1588 401 1629 curn
425 1587 465 1629 ex
490 1563 598 1628 studio
623 1563 842 1642 antithesium,
877 1587 957 1648 (pras
987 1567 1076 1650 ipsas
1107 1564 1220 1629 rudius
1250 1562 1339 1628 adhi-

166 1675 238 1737 buit
267 1683 299 1736 ot
329 1695 368 1735 cx
404 1671 583 1735 imitatione
616 1673 648 1734 in
683 1670 818 1735 historia
852 1672 1032 1750 tractanda,
1069 1672 1123 1735 uhi
1159 1670 1255 1735 latior
1289 1675 1341 1736 est

170 1782 322 1862 isocrate,
353 1789 422 1842 tum
452 1801 493 1843 ex
520 1777 683 1842 nonnullis
718 1777 809 1861 locis,
843 1765 960 1864 quibus
995 1778 1211 1866 eloquentiam
1244 1779 1340 1843 simili

167 1888 236 1951 fere
260 1886 367 1964 modo,
394 1907 456 1971 quo
480 1885 644 1950 Isocrates
667 1884 816 1951 laudat.“

260 1992 290 2077 c)
314 1989 437 2078 „Apud
460 1991 638 2055 Isocratem
663 1991 772 2056 omnia
803 2014 843 2055 ex
871 1997 1066 2078 argumento
1095 1995 1165 2080 ipso
1194 1993 1339 2058 efflores-

171 2104 259 2181 cunt,
295 2099 379 2162 bene
412 2099 595 2178 cohaerent,
631 2101 800 2185 proposito
831 2099 1027 2179 inserviunt,
1064 2100 1162 2165 iustis
1200 2101 1338 2186 denique

144 2207 284 2270 ¹tiuilms
306 2215 509 2288 coercentur3
535 2205 622 2292 apud
638 2217 783 2269 nostrum
806 2206 924 2288 inania,
949 2208 1057 2289 nimia,
1084 2207 1198 2272 odiosa
1222 2210 1337 2288 curma,

165 2315 266 2379 verba
280 2315 389 2378 verbis
407 2313 602 2395 continuata,
628 2314 734 2398 ligura
748 2313 871 2400 figmiS,
895 2337 961 2379 non
981 2317 1050 2378 sine
1069 2314 1209 2401 quadam
1224 2314 1339 2403 {specie

166 2432 261 2509 atque
290 2443 420 2508 pompa,
448 2421 508 2486 sed
536 2421 625 2485 nullo
655 2422 799 2492 consilio,
828 2421 921 2486 nidla
950 2426 1032 2505 arte,
1061 2422 1151 2487 nulla
1178 2425 1221 2506 vi,
1249 2422 1338 2486 nullo

168 2552 276 2592 sensu.
323 2527 397 2593 Illic
422 2550 583 2592 summum
609 2539 774 2592 oratorem
798 2528 923 2611 videas
950 2530 1004 2594 hic
1032 2553 1191 2616 nugacem
1220 2530 1339 2617 compi-

166 2636 350 2723 latonae)

256 2744 357 2809 Cuius
387 2746 436 2809 rei
467 2745 654 2830 exemplum
684 2747 787 2824 affert,
821 2746 907 2830 quod
932 2748 1049 2831 Lysias
1078 2745 1258 2810 Isocratem
1291 2767 1339 2808 se-

167 2861 262 2916 cutus
286 2853 395 2940 inepte
420 2851 634 2917 barbarorum
658 2864 733 2938 post
755 2876 897 2939 pugnam
923 2854 1073 2917 Cnidiam
1101 2851 1339 2939 expeditionem

91 3039 93 3043 .
165 2961 282 3024 factam
302 2962 455 3046 queritur,
475 2983 548 3024 cunr
565 2960 688 3024 Persae
705 2971 773 3024 turn
789 2961 929 3025 maxime
947 2960 1172 3024 Athenienses
1190 2958 1338 3023 omnibus

168 3067 264 3131 rebus
288 3067 482 3131 adiuverint.
1200 3076 1204 3082 '

257 3175 329 3238 llac
346 3174 414 3239 fere
434 3174 649 3259 gravissimae
672 3198 791 3240 causae
816 3175 923 3240 adhuc
947 3175 1096 3262 prolatae
1122 3185 1205 3255 sunt,
1232 3173 1338 3238 multis

166 3304 247 3347 sane
272 3281 428 3368 exemplis
451 3282 640 3365 illustrata-c,
668 3284 786 3370 quibus
810 3283 872 3347 nisi
896 3285 959 3347 viri
984 3283 1074 3348 docti
1097 3281 1299 3369 epitaphium
1321 3306 1339 3345 a

164 3389 291 3477 Lysiae
315 3391 443 3454 nomine
468 3392 691 3457 seiunxerunt.
738 3391 824 3456 Nam
849 3393 1000 3456 veterum
1031 3390 1217 3454 testimonia
1245 3391 1339 3475 parvi

164 3497 290 3562 faciunt
315 3501 447 3583 praeter
463 3497 681 3561 Aristotelem
706 3500 868 3561 neminem
893 3508 967 3562 ante
993 3509 1144 3583 ‹prartum
1167 3521 1198 3584 p.
1216 3496 1290 3562 Ohr.
1307 3520 1337 3558 n.

75 3593 78 3598 ,
165 3605 332 3670 sacculum
357 3606 553 3692 epitaphium
580 3608 679 3670 citare
705 3607 863 3671 dicentes
913 3606 1057 3685 Quorum
1083 3628 1124 3668 cx
1147 3605 1338 3668 testimoniis

167 3712 247 3775 nihil
264 3711 375 3798 colligi
391 3735 489 3801 posse
506 3715 567 3776 nisi
592 3716 657 3776 iam
681 3718 751 3777 tum
776 3714 956 3777 orationem
981 3715 1136 3799 scriptam
1152 3711 1337 3797 Lysiaequc

167 3818 322 3883 tributam
344 3818 458 3885 fuisse.

256 3925 305 3990 Ac
321 3951 362 3992 ne
379 3928 566 3992 Aristotelis
587 3927 713 4014 quidem
734 3928 843 3993 locum
859 3927 995 3991 multum
1013 3928 1124 3991 valere
1142 3925 1337 4006 existimant,

166 4057 242 4098 cum
258 4035 391 4119 Lysiam
408 4037 536 4098 omnino
560 4058 626 4099 non
649 4036 800 4116 nominet⁷
827 4045 857 4098 et
881 4034 1043 4098 sententia
1066 4036 1144 4098 satis
1168 4032 1338 4096 vehemen-

165 4150 215 4205 ter
239 4163 259 4205 a
286 4140 389 4226 Lysia
414 4140 597 4206 abhorreat.
644 4140 757 4226 Neque
783 4140 867 4204 enim
889 4139 1026 4226 Lysiam
1051 4139 1090 4204 de
1116 4160 1226 4226 pugna
1249 4136 1338 4202 Sala·

255 4280 314 4350 1)1.
335 4298 357 4336 c.
376 4298 403 4349 p.
424 4280 465 4332 52.

256 4369 279 4438 ²)
299 4368 408 4423 advers.
429 4368 470 4421 12.
