3022 5032
738 276 780 340 24

259 470 437 556 Utriusque
463 473 600 537 oratoris
624 470 756 535 scholae
781 482 848 534 turn
873 472 1014 538 maxime
1046 476 1133 538 inter
1152 494 1187 538 se
1203 472 1343 536 aemula·

170 578 296 648 bantur.
322 577 531 663 magistrique
557 602 621 642 non
645 577 752 642 solum
768 581 843 642 totis
863 579 1148 645 dissertationibus
1166 579 1343 644 contende-

172 687 256 766 bant,
282 684 342 748 sed
366 684 464 748 etiarn
488 685 593 750 obiter
616 684 755 770 singulis
780 685 989 772 sententiis1)

257 791 371 877 Neque
400 794 503 877 magis
537 814 635 879 quarn
665 802 810 855 extrema
834 792 938 856 oratio
967 793 1128 878 praefatio
1152 793 1186 858 in
1209 792 1344 878 Lysiam

170 900 290 984 scripta
322 899 459 963 videtur.
506 900 624 983 Legas,
657 921 789 984 quaeso,
815 897 834 983 ξ
858 899 892 962 3;
929 905 983 967 οὐκ
1012 906 1136 990 ἀγνοῶν,
1171 906 1217 969 ὅτι
1239 906 1346 968 πολλοὶ

168 1019 227 1073 τῶν
250 1014 528 1097 τροστοιησαμένων
563 1007 637 1074 εἶναι
671 1019 819 1100 σοφιστῶν
842 1011 888 1074 ἐπὶ
903 1017 1010 1073 τοῦτον
1026 1013 1078 1073 τὸν
1095 1012 1186 1093 λόγον
1203 1015 1344 1098 ὥρμησαν

168 1111 296 1177 scilicet
328 1121 390 1204 περί
422 1140 457 1180 τε
484 1125 538 1180 τοῦ
566 1119 696 1204 τολέμοο
725 1125 778 1180 τοῦ
810 1120 884 1204 πρὸς
910 1120 983 1193 τοὺς
1011 1115 1182 1202 βαρβάρους
1211 1120 1345 1197 καὶτῆς

169 1225 311 1311 ὁμονοίας
340 1233 398 1304 τῆς
427 1226 502 1311 πρὸς
529 1227 612 1311 ἡμᾶς
641 1224 758 1300 αὐτούςΙ
806 1217 877 1300 Quo
910 1221 941 1280 in
974 1239 1108 1281 numero
1132 1217 1252 1301 Lysiae
1278 1222 1343 1303 epi-

168 1326 319 1412 taphium
347 1349 412 1389 non
443 1348 515 1390 esse
546 1347 642 1389 nemo
673 1326 811 1408 negabit,
844 1325 965 1410 quippe
994 1326 1049 1409 qui
1079 1323 1119 1387 de
1151 1322 1236 1388 bello
1269 1347 1342 1387 oum

168 1432 316 1496 barbaris
340 1431 485 1516 gerendo
511 1442 543 1494 et
567 1431 606 1494 de
637 1429 812 1494 eoncordia
835 1429 915 1493 nihil
937 1429 1069 1494 habeat.
1116 1429 1233 1516 Neque
1258 1431 1276 1513 ἕ
1302 1431 1342 1493 13

167 1541 187 1602 i.
214 1561 240 1602 e.
271 1537 325 1601 illo
354 1537 434 1619 looo,
473 1560 535 1622 quo
564 1536 715 1602 Blassius
743 1539 883 1600 maxime
911 1537 1039 1612 nititur,
1076 1536 1160 1601 alios
1193 1543 1342 1600 oratores

168 1643 245 1722 dici,
281 1643 346 1708 nisi
382 1643 437 1728 qui
465 1645 657 1730 panegyrici
685 1645 890 1730 propositum
925 1646 1161 1721 tractaverunt,
1196 1642 1344 1726 intellegi

168 1755 279 1836 potest
313 1772 353 1815 ex
389 1750 525 1814 articulo
549 1759 623 1831 τοὺς
646 1754 770 1831 ἄλλους·
814 1750 947 1813 Etenim
981 1749 1032 1812 his
1067 1749 1177 1812 verbis
1213 1771 1279 1813 non
1311 1750 1344 1811 in

168 1859 357 1922 universum
383 1867 527 1921 oratores
553 1857 700 1921 cuiusvis
724 1860 853 1942 generis
879 1856 1060 1941 significari
1075 1864 1222 1942 possunt
1247 1877 1343 1940 prop-

167 1975 259 2028 terea
285 1963 371 2050 quod
396 1974 493 2028 antea
517 1962 558 2026 de
581 1966 621 2027 iis
644 1968 772 2026 tantum
797 1962 917 2027 dictum
941 1967 1002 2040 est,
1029 1963 1086 2048 qui
1108 1961 1244 2026 eandem
1268 1983 1344 2024 cau-

169 2093 240 2134 sam
263 2080 486 2134 tractarerunt
508 2075 608 2157 atque
632 2070 803 2134 Isocrates.

260 2177 350 2261 Ergo
364 2178 546 2242 [socratem
557 2177 678 2261 Lysiae
691 2175 893 2263 epitaphium
905 2175 1105 2239 aemulatum
1115 2197 1188 2237 esse
1198 2178 1344 2238 statuere

169 2283 259 2349 nulla
282 2307 316 2349 re
345 2283 502 2365 iubemur,
532 2305 637 2369 neque
662 2287 798 2368 propter
828 2293 1093 2367 argumentorum
1117 2279 1342 2345 diversitatem

167 2392 343 2455 verisimile
370 2395 430 2454 est.

255 2498 394 2563 Accedit
434 2497 522 2584 quod
560 2495 634 2559 illae
675 2498 904 2560 excusationes
945 2519 964 2558 a
1003 2493 1197 2559 difficultate
1234 2496 1341 2580 operis

166 2607 324 2691 repetitae
355 2614 420 2666 tam
448 2605 546 2666 tritae
579 2612 661 2685 sunt,
694 2614 730 2665 ut
757 2624 851 2666 nemo
884 2601 924 2665 de
955 2602 1057 2685 Lysia
1088 2604 1247 2686 cogitaret
1277 2599 1342 2664 nisi

165 2710 375 2796 gravioribus
400 2708 470 2773 aliis
496 2710 605 2774 causis
629 2709 856 2773 adduceretur.

256 2836 339 2899 Nam
365 2840 399 2898 et
421 2834 513 2898 Plato
536 2835 693 2899 Isocratis
726 2834 1005 2920 vituperationem
1028 2842 1182 2915 meretur,
1208 2855 1283 2895 cum
1306 2833 1340 2895 in

167 2941 352 3006 Menexeno
377 2941 441 3006 235
468 2941 493 3005 O
518 2941 648 3005 scribit:
674 2946 706 3021 ἐξ
730 2948 868 3028 ὑπογυίοο
891 2948 947 3031 γὰρ
975 2946 1162 3008 παντάπασιν
1185 2947 1204 3024 ἡ
1229 2944 1341 3029 αἵρεσις

165 3058 297 3138 γέγονεν,
330 3057 408 3117 ὥστε
432 3053 703 3139 ἀναγκασθήσεται
727 3053 742 3115 ὁ
765 3054 865 3135 λέγων
890 3055 985 3138 ὥσπερ
1021 3052 1275 3138 αὐτοσχεδιάζειν,
1311 3054 1342 3107 et

168 3154 413 3220 Demosthenes
443 3154 502 3239 (or.
526 3155 568 3220 60
581 3154 682 3240 initio)
707 3159 856 3236 ἐξετάζων
879 3161 915 3222 δὲ
931 3161 982 3222 καὶ
1005 3169 1122 3222 σαοτῶν
1145 3157 1238 3234 ἀξίως
1254 3158 1341 3220 εἰπεῖν

168 3276 228 3330 τῶν
251 3268 515 3347 τετελευτηκότων
539 3265 584 3330 ἔτι
606 3276 666 3329 τῶν
690 3266 848 3329 ἀδυνάτων
865 3267 995 3353 εὕρω-ιον
1012 3264 1052 3346 ὅν,
1077 3282 1184 3346 neque
1200 3259 1341 3346 Hyperi-

165 3367 240 3433 des²
274 3373 432 3461 φοβοῦμαι,
465 3376 505 3460 μή
536 3396 584 3458 μοι
612 3373 712 3462 συμβῇΙ
736 3374 788 3435 τὸν
818 3373 910 3458 λόγον
938 3373 1059 3435 ἐλάττω
1088 3371 1248 3459 φαίνεσθαι
1280 3379 1341 3432 τῶν

166 3479 261 3566 ἔργον
284 3489 345 3543 τῶν
368 3485 581 3566 γεγενημένων.
622 3474 752 3538 Etenim
770 3474 933 3538 sententia
948 3472 1004 3537 illa
1020 3484 1085 3538 tam
1102 3476 1256 3559 prompta
1273 3482 1341 3535 erat

165 3584 199 3646 in
222 3581 463 3646 laudationibus
489 3591 520 3645 et
543 3580 714 3645 meditanti
736 3590 803 3644 tarn
826 3580 924 3644 facile
941 3603 976 3642 se
994 3578 1164 3661 offerebat,
1190 3584 1227 3642 ut
1243 3581 1341 3666 pauci

166 3712 236 3752 eam
273 3680 467 3753 omitterent.
515 3689 633 3751 Totum
668 3689 779 3772 igitur,
799 3709 904 3772 genus
937 3685 1141 3750 laudativum
1175 3686 1340 3751 isocrates

166 3795 329 3881 spectavit
353 3800 387 3860 et
410 3794 619 3882 improbavit.

256 3921 379 3983 Tamen
410 3919 436 3984 si
463 3919 535 4004 quis
566 3941 646 3984 casu
674 3918 736 3982 hoo
766 3918 838 3982 loco
869 3919 1032 3981 orationes
1065 3919 1246 3981 consentire
1276 3939 1340 3980 non

166 4028 289 4104 eredat,
314 4026 450 4090 multum
467 4026 568 4107 abest,
593 4030 630 4089 ut
653 4024 843 4089 Marklando
868 4025 1022 4087 assentiri
1044 4024 1161 4088 debeat
1176 4023 1222 4088 ita
1245 4026 1340 4086 ratio-

166 4136 286 4198 cinato:
327 4133 504 4220 „epitaphii
539 4144 652 4197 auctor
685 4156 751 4196 non
787 4132 902 4195 fuisset
932 4133 977 4195 ita
1000 4131 1122 4213 fatuus,
1159 4142 1202 4211 ut,
1228 4133 1255 4193 si
1279 4131 1341 4193 ista

257 4346 330 4403 1νοΐ.
350 4345 453 4398 Vahlen
474 4345 490 4398 l.
510 4363 532 4399 c.
551 4363 576 4414 p.
597 4343 686 4415 coqu.
