3022 5032
746 309 768 374 3

253 506 304 571 Ac
329 506 357 571 si
375 528 492 571 causas
510 504 759 591 perlustramus,
783 502 875 568 nulla
891 501 1022 588 saepius
1040 491 1228 568 obtenditur
1246 526 1343 593 qnam

167 635 250 697 quac
279 635 320 676 ex
347 634 497 676 sermono
522 634 541 674 a
563 609 699 695 reliquis
725 609 925 673 orationibus
950 608 1082 674 diversa
1105 605 1272 696 repetitur„

258 721 286 782 1.
314 718 444 806 Optime
473 717 709 786 Valhenaerius
723 716 754 797 ¹),
790 714 883 779 cilius
917 725 1111 800 argumenta
1140 715 1341 801 posteriores

165 828 384 889 titulaverunt
406 847 471 889 non
495 827 667 901 alixemnt,
693 825 739 886 ita
764 821 1024 908 comprehendit:
1053 821 1129 902 „Nil
1145 824 1178 885 in
1201 822 1261 886 illa
1276 823 1342 908 Ly·

167 935 302 995 siaeum.
325 932 364 994 In
381 931 489 996 umltis
509 953 624 997 sensus
643 939 693 994 est
704 929 906 1016 impeditior3
924 927 1075 1016 nuspiam
1093 932 1231 1015 apparet
1246 928 1341 1015 Lysi·

167 1062 228 1101 aea
252 1037 400 1103 facilitas.
448 1038 572 1102 Multas
601 1036 736 1101 adhibet
763 1035 945 1101 locutiones
976 1035 1016 1099 ab
1047 1059 1108 1098 usu
1137 1035 1262 1122 Lysiae
1288 1036 1343 1100 ali·

170 1169 255 1209 onas.
303 1145 427 1209 Multas
451 1146 602 1232 imperite
619 1144 815 1230 frequentat,
842 1142 1027 1230 sophisticis
1050 1143 1251 1208 ornamentis
1275 1142 1341 1228 ple-

167 1275 227 1316 nus
256 1263 313 1329 est,
348 1255 544 1339 pracsertim
576 1251 758 1338 puerilibus
795 1249 1087 1315 exclamationibus
1115 1259 1146 1314 et
1175 1249 1342 1314 antithetis

165 1359 282 1444 partim
306 1358 415 1423 nimiis
440 1360 560 1445 partim
585 1359 717 1446 ineptis,
765 1357 909 1422 Easdem
942 1356 1119 1421 sententias
1143 1358 1266 1443 passim
1291 1377 1341 1420 re·

163 1467 250 1550 petit
282 1467 443 1531 interdum
478 1466 593 1543 iisdem
627 1467 696 1530 fere
731 1464 853 1531 verbis.
905 1470 987 1545 Τοὺς
1013 1469 1179 1554 Κορινθίων
1210 1468 1344 1555 βοηθούς
1440 1517 1449 1533 ,

163 1572 359 1652 laudaturus
382 1573 416 1639 in
439 1575 504 1638 fine
536 1574 704 1637 dunuaxat
730 1571 887 1637 erationis
912 1572 1055 1636 breviter
1080 1571 1220 1654 attingit3
1253 1576 1341 1635 totus

167 1683 271 1744 estin
297 1681 377 1744 locis
402 1682 628 1746 eourmunihus
658 1692 687 1743 et
711 1682 744 1741 in
773 1690 921 1743 veterum
945 1677 1198 1742 Atheniensium
1226 1679 1342 1762 gestis.

166 1787 206 1850 ln
231 1787 325 1851 hrevi
349 1789 535 1871 fragmento
560 1786 739 1872 Hyperidis
769 1786 857 1872 apud
883 1785 1058 1850 Stobacum
1088 1784 1185 1871 plura
1209 1786 1342 1851 adrem

166 1895 254 1956 dieta
278 1898 357 1955 sunt
381 1917 477 1977 quam
502 1893 536 1956 in
559 1897 632 1957 tota
655 1892 717 1957 hac
742 1893 916 1957 oraticne“.

258 2000 379 2063 lladcm
404 2003 571 2087 vituperat
594 2000 790 2086 Shiiterus2)
824 2011 856 2063 et
878 1998 1147 2082 Hoelsoherusrp
1180 1999 1341 2082 „Legas'·‘,

166 2106 283 2192 iuquit,
319 2131 477 2192 ,‚quaeso,
514 2108 620 2173 lector
652 2107 826 2189 benevole,
862 2107 1064 2194 epitaphium
1097 2105 1343 2191 Thucydideum

166 2214 219 2278 vel
250 2215 404 2278 Isocratis
434 2217 679 2301 panegyricum,
711 2216 768 2280 ubi
791 2214 871 2279 telles
900 2213 1046 2278 inanium
1075 2213 1248 2277 verborum
1277 2221 1341 2276 tur-

165 2321 235 2399 bas,
261 2344 301 2386 ne
317 2322 470 2408 imperito
496 2322 627 2409 quidem
644 2326 777 2387 oratore
802 2321 917 2406 dignas
935 2319 1102 2407 reperies*
1113 2321 1129 2381 ἱ)
1152 2319 1344 2384 Abhorrere

166 2450 185 2491 a
206 2428 342 2516 reliquis
372 2429 576 2493 orationibus
606 2429 785 2493 sententias
814 2428 990 2516 bipertitas
1022 2425 1200 2515 particulis
1221 2434 1274 2518 μὲν
1301 2463 1341 2473 -

164 2537 245 2620 ὃὲ4),
283 2537 473 2613 antitheses,
509 2536 750 2622 tautologiasf’),
787 2536 949 2622 turgidam
982 2537 1171 2601 oraticnem.
1223 2533 1340 2620 Neque

166 2643 238 2706 aliis
264 2647 371 2708 causis
395 2669 432 2708 ae
459 2645 582 2710 llohrci
606 2644 884 2730 Valkenaeriique
914 2643 1031 2707 nititur
1053 2642 1219 2706 Eckertus
1236 2644 1260 2727 a)
1285 2643 1337 2728 qni

168 2748 464 2815 demonstraturum
489 2775 522 2817 se
547 2774 621 2816 esse
650 2753 824 2837 profitetur
848 2753 1025 2815 orationem
1059 2754 1092 2814 et
1125 2749 1343 2836 dispositione

169 2861 204 2919 et
216 2859 401 2923 inventione
416 2872 447 2923 et
464 2859 649 2924 elocutione
662 2859 766 2945 Lysia
783 2858 878 2945 plane
896 2857 1063 2942 indignam
1080 2878 1160 2921 esse.
1186 2855 1343 2920 Ceterum

168 2965 314 3048 priorum
353 2965 508 3030 iudicium
548 2965 631 3030 loeis
670 2988 710 3030 ex
747 2964 910 3052 epitaphio
943 2963 1141 3052 depromptis
1181 2962 1344 3029 illustrare

170 3072 249 3133 satis
274 3072 381 3136 habet.

258 3177 408 3242 Blassius
433 3179 572 3264 denique
603 3179 758 3265 epitaphii
781 3182 948 3242 auctorem
972 3177 1108 3264 Lysiam
1134 3200 1207 3242 esse
1231 3181 1342 3262 negat,

170 3307 242 3348 cum
265 3284 400 3371 reliquis
424 3286 619 3372 prudentior
642 3311 708 3352 non
732 3289 896 3352 orationes
917 3285 1102 3363 iudiciales,
1128 3285 1187 3351 sed
1209 3287 1341 3351 brevem

169 3391 400 3480 Olympiacum
428 3393 588 3476 adhibeat,
622 3397 697 3481 quia
727 3395 762 3458 in
794 3393 961 3481 epitaphio
989 3417 1151 3478 nusquam
1178 3392 1340 3478 genuinus

168 3499 225 3564 ille
249 3501 381 3586 LysiaS,
412 3501 518 3588 qualis
544 3501 641 3566 etiam
669 3501 704 3566 in
728 3500 926 3589 Olympiaeo
952 3510 1175 3585 cognoscatur,
1209 3501 1268 3565 sed
1293 3523 1342 3563 so-

167 3607 279 3693 phista
303 3607 454 3692 turgidus
479 3620 511 3673 et
534 3609 732 3694 vaniloquus
764 3607 880 3695 etqui
908 3605 1090 3671 orationem
1113 3607 1236 3692 figuras
1261 3607 1342 3671 Gor·

170 3717 282 3797 ginnas
299 3715 381 3779 male
398 3715 545 3781 imitatus
564 3739 605 3781 ex
621 3719 768 3783 Isocrate
785 3714 924 3801 aliisque
941 3718 1089 3797 consuat,
1111 3714 1295 3780 inveniatur
1307 3715 1340 3799 Ἰ).

220 3826 286 3923 Ἧι),
298 3828 383 3920 Apud
402 3857 487 3911 Dchr.
509 3858 574 3912 adv.
593 3876 620 3926 p.
640 3858 665 3911 8.

259 3945 279 4009 ¹²)
298 3944 362 3999 lect.
382 3946 467 4000 Adoc.
490 3966 514 4014 p.
535 3947 596 4000 281.

260 4033 279 4101 ³)
300 4032 317 4084 l.
338 4050 360 4086 c.
379 4053 406 4102 p.
426 4036 469 4090 49.

258 4125 278 4189 ⁴)
299 4123 436 4177 Holscher
454 4143 480 4192 p.
500 4126 542 4177 49.

260 4215 279 4277 ⁵)
299 4231 326 4282 p.
346 4212 388 4267 50.

259 4304 279 4370 ὓ)
299 4303 341 4356 Dc
361 4301 506 4371 epitaphio
525 4302 625 4370 Lysiae
645 4303 751 4358 oratori
770 4303 842 4357 falso
863 4303 971 4355 tributo
991 4300 1085 4354 Berol.
1106 4300 1170 4352 diss.
1193 4300 1268 4354 1866.

259 4393 279 4456 ⁷)
298 4392 356 4444 Att.
379 4391 494 4446 Bereds.
515 4391 542 4443 Ι“2
560 4410 587 4460 p.
607 4391 668 4447 444.
1131 4461 1162 4513 1*
