3022 5032
733 272 773 334 12

165 471 258 533 recte
284 477 393 530 monet
414 466 499 530 inter
523 467 720 553 epitaphium
745 471 778 532 et
796 468 1023 554 (llympiaeum
1041 473 1182 557 quinque
1207 469 1338 534 circiter

166 596 281 641 anuos,
303 573 517 656 intercedere,
556 575 673 659 quibus
708 577 824 659 Lysias
864 576 1044 641 Isocratem·
1073 588 1204 642 secutus
1240 576 1337 642 facile

165 679 256 746 illam
278 683 409 744 nimiam
434 680 666 746 abundantiam
689 681 822 767 paulum
847 686 1024 748 extenuare
1048 685 1164 771 potuit.
1203 686 1338 751 Praeter

165 788 239 853 illas
263 811 342 852 vero
359 789 516 853 sermonis
533 789 654 872 figuras
674 789 840 853 immodice
860 792 1007 866 usitatas,
1032 794 1149 878 partim
1172 795 1337 879 scriptoris

166 897 272 960 animo
297 918 316 959 a
339 918 457 978 genere
482 895 655 981 epidictico
680 894 787 959 alieno
812 898 928 982 partim
952 919 989 960 eo
1007 899 1224 983 excusandae,
1252 901 1337 987 quod

167 1006 254 1068 iusto
277 1002 353 1088 plus
370 1002 520 1086 Gorgiae,
546 1001 688 1067 omnium
713 1002 957 1088 epidicticorurn
979 1005 1137 1089 magistri,
1161 1011 1337 1072 auctoritas

167 1109 256 1197 apud
280 1132 354 1173 eum
377 1108 522 1195 pollebat
547 1147 587 1157 ·-
612 1133 689 1174 nam
713 1133 777 1196 quo
802 1113 873 1197 quis
899 1116 951 1174 est
971 1111 1160 1196 imperitior,
1187 1137 1224 1176 eo
1243 1137 1337 1179 aecu-

165 1217 269 1282 ratins
296 1216 445 1303 exempla
470 1217 652 1283 clarissima
676 1218 771 1302 sequi
787 1217 872 1282 solet
895 1256 938 1263 -
961 1223 1094 1302 praeter
1110 1219 1182 1282 illas
1199 1220 1337 1306 ineptias

166 1346 349 1389 sermonem
374 1327 455 1389 satis
473 1318 554 1389 bene
571 1325 721 1387 Atticum.
735 1324 872 1387 inveniri
892 1324 1041 1388 Dobreus
1058 1327 1127 1411 ipse
1145 1327 1292 1390 coneedit
1304 1329 1335 1407 ¹).

167 1431 287 1496 Contra
320 1431 561 1494 Hoelsehcrnnr
596 1439 704 1493 autern
738 1429 821 1492 haee
857 1430 975 1494 Dobrei
1007 1432 1110 1496 verba
1144 1432 1233 1497 dicta
1264 1456 1336 1499 esse

164 1538 351 1602 videa-ntur:
402 1537 537 1624 „Neque
561 1560 698 1622 usquam
724 1538 939 1603 animadverti
968 1541 1151 1623 quaesitum
1185 1539 1274 1603 illuni
1304 1546 1337 1605 et

165 1648 384 1731 importunum
408 1644 624 1726 Atticismum,
649 1644 732 1708 istos
758 1667 775 1708 e
799 1645 943 1728 Platone,
970 1646 1172 1730 Thucydide,
1199 1648 1335 1712 Demos-

165 1752 262 1816 thene
287 1753 460 1838 decerptos
486 1752 638 1816 dictionis
663 1752 828 1830 flosculos,
855 1775 936 1837 quos
961 1753 1067 1818 ubivis
1090 1752 1233 1839 reperias
1251 1756 1338 1840 apud

167 1860 333 1947 sophistas
368 1859 569 1924 recentiores
602 1910 608 1922 .
636 1911 642 1922 .
669 1911 675 1922 .
703 1909 708 1922 .
773 1859 811 1921 ln
848 1859 1038 1924 universum
1074 1863 1236 1948 spectanti
1272 1884 1338 1926 non

165 1966 296 2033 videtur
318 1967 352 2032 in
374 1967 532 2032 sermonis
548 1969 721 2053 puritatem
739 1970 775 2030 et
790 1967 963 2032 verborum
981 1966 1145 2031 delectum
1164 1967 1337 2032 admodum

165 2079 386 2164 peccavisse.“

180 2222 182 2226 ‘
234 2203 328 2267 'Huc
352 2202 490 2284 accedit,
529 2201 615 2287 quod
638 2201 690 2265 vel
716 2201 880 2286 Sarrppius
913 2200 1067 2265 concedit
1101 2203 1132 2264 iu
1171 2200 1336 2286 epitaphio

168 2308 323 2374 nonnulla
346 2311 493 2392 inveniri,
519 2332 603 2396 quae
627 2331 740 2374 verum
763 2309 897 2393 Lysiam
920 2307 1098 2372 redoleant.
1141 2306 1236 2388 Quod
1259 2332 1336 2372 vero

166 2418 334 2482 contendit
368 2426 548 2499 auctorem,
586 2419 623 2479 ut
657 2415 837 2480 Isocratem
873 2415 1018 2500 aliosque
1054 2407 1254 2498 adhibuerit,
1290 2415 1336 2478 ita
1425 2498 1430 2504 .

168 2524 301 2609 Lysiam
339 2546 469 2610 quoque
510 2522 722 2608 spoliavisse,
759 2545 823 2586 non
859 2532 947 2586 recte
982 2521 1204 2586 ratiocinatur.
1252 2522 1338 2587 Nam

165 2630 221 2695 illa
245 2630 375 2714 similia,
411 2629 474 2694 nisi
498 2629 572 2694 aliis
595 2629 799 2714 gravissimis
834 2631 941 2692 carisis
979 2631 1159 2692 orationem
1194 2628 1337 2714 spuriam

166 2760 239 2803 esse
263 2737 417 2820 ostendit,
443 2760 513 2800 eam
536 2737 710 2820 genuinam
735 2759 806 2800 esse
832 2737 1053 2800 demonstrare
1077 2735 1156 2799 mihi
1173 2735 1335 2800 videntur.

254 2864 369 2949 Itaque
400 2865 595 2947 Dionysium
629 2864 738 2926 mirari
773 2863 837 2925 iam
874 2861 1076 2946 desinemuS,
1113 2862 1199 2946 quod
1235 2861 1338 2925 talem

167 2971 344 3036 orationem
370 2968 639 3056 comprobaverit.
675 2968 761 3033 Nam
784 2966 1016 3032 abumlautiam
1034 2978 1208 3052 ceteraque
1225 2969 1339 3052 generi

165 3078 258 3143 facile
284 3077 488 3142 condonabat
507 3075 707 3160 ferendaque
723 3075 875 3160 putabat:
904 3079 1067 3166 „podiam
1084 3082 1137 3166 μὲν
1152 3084 1209 3167 γὰρ
1227 3081 1338 3168 ὑψηλά.

167 3213 257 3278 τερος
287 3187 360 3254 εἶναι
388 3191 440 3252 καὶ
470 3190 793 3276 μεγαλοπρεπέστερος.
802 3183 828 3268 ²)
883 3181 1024 3266 Gorgiae
1060 3204 1138 3246 vero
1173 3183 1338 3246 crationes

167 3304 363 3380 quamquam
385 3291 485 3355 multo
509 3290 582 3377 plus
607 3289 735 3355 illarum
760 3291 952 3374 ineptiarum
977 3288 1201 3370 continebant,
1231 3302 1338 3353 tamen

168 3399 310 3485 antiquis
345 3399 546 3485 temporibus
581 3421 725 3460 sununus
761 3408 868 3461 orator
902 3395 955 3459 illc
991 3396 1187 3477 habebatur,
1225 3403 1339 3461 mistro

167 3511 273 3571 aetate
308 3511 345 3569 ut
374 3505 537 3570 Helenam
567 3504 840 3590 Palamedemque
876 3503 948 3567 viro
983 3503 1135 3587 indignas
1172 3505 1339 3568 orationes

166 3619 381 3700 putaverunt,
406 3613 455 3677 ita
479 3611 695 3698 epitaphium,
726 3611 939 3697 olympicum,
969 3610 1138 3697 pythicum
1163 3613 1190 3674 si
1216 3613 1341 3675 serrati

733 3721 739 3733 0
775 3719 781 3733 b

168 3725 289 3800 essent,
315 3724 445 3806 spurios
470 3743 543 3784 esse.
567 3720 629 3783 riri
653 3719 739 3783 doctr
764 3720 906 3782 tortasse
932 3718 1148 3782 censuissent.

257 3846 343 3927 Quid
373 3869 450 3930 orgo
476 3845 572 3908 dico?
620 3843 777 3926 Quamvis
806 3866 902 3928 stupe
931 3842 1109 3907 adversarii
1138 3847 1340 3930 posteriores

168 3978 350 4021 sermonem
385 3954 543 4041 epitaphii
578 3956 680 4038 Lysia
714 3954 880 4038 indignam
917 3975 990 4017 esse
1020 3953 1172 4036 dictitent,
1210 3978 1250 4017 ne
1275 3977 1339 4016 uno

169 4062 300 4148 quidem
324 4084 396 4127 asse
421 4061 495 4148 plus
521 4061 612 4124 illam
634 4081 767 4124 eausam
791 4059 902 4124 valere
927 4079 1023 4139 quarn
1039 4059 1247 4124 Valkenaerii
1262 4072 1339 4123 tern-

169 4190 288 4197 —......
302 4189 380 4197 --—-.

183 4323 184 4328 ¹
259 4257 278 4320 ¹)
299 4255 362 4310 adv.
382 4274 408 4324 p.
431 4256 472 4309 14.

258 4362 278 4428 ²)
298 4361 341 4416 De
360 4360 443 4431 Lysia
463 4360 497 4413 28
515 4379 542 4430 p.
563 4360 614 4413 518
633 4358 666 4412 R.
