3022 5032
680 1279 769 1360 Pars
800 1286 819 1358 Ι.

163 1497 296 1586 (gruibus
327 1495 445 1561 enusis
475 1493 544 1558 uri
569 1493 666 1559 (loeti
694 1492 810 1579 adhue
838 1491 895 1557 usi
925 1491 1010 1572 sirit,
1042 1493 1083 1556 ut
1111 1491 1335 1575 epitaphium

395 1615 397 1619 ’
431 1601 554 1682 hpaiae
579 1600 743 1683 spurium
767 1598 1070 1665 demonstrarent.

255 1747 461 1824 (puranupmuu
488 1741 639 1827 permulti
662 1742 726 1804 iam
751 1740 813 1804 viri
842 1739 930 1804 dooti
954 1741 995 1803 de
1018 1739 1145 1827 Lysiae
1171 1739 1336 1828 epitaphio

165 1855 403 1931 disseruerunt,
428 1854 539 1912 uuum
564 1849 669 1913 (tenure
693 1872 744 1912 me
768 1872 838 1912 rem
864 1852 1008 1913 tractare
1031 1852 1194 1912 neminem
1218 1849 1335 1934 pigeat.

164 1959 282 2044 Neque
312 1957 395 2020 enim
422 1956 467 2019 illi
495 1978 564 2021 rem
590 1959 632 2020 ita
661 1956 842 2021 confecisse
866 1955 943 2021 mihi
968 1957 1133 2037 videntur,
1166 1959 1204 2020 ut
1233 1958 1337 2020 orionis

166 2064 324 2128 dubitatio
356 2066 535 2129 tolleretur.
596 2065 676 2131 Nam
710 2066 764 2129 alii
795 2065 993 2153 epitaphium
1025 2065 1153 2130 etiamsi
1184 2087 1204 2128 a
1231 2065 1338 2150 Lysia

165 2171 362 2253 aluuuiicant⁷
392 2184 499 2236 tamen
530 2172 625 2235 hotius
657 2170 798 2236 oratoris
826 2172 893 2236 fere
925 2182 1068 2258 tempore
1098 2174 1255 2258 seriptum
1279 2195 1336 2258 pu-

164 2290 233 2343 taut
244 2280 275 2365 1);
301 2278 357 2343 aiii
379 2280 521 2345 Charisii
546 2280 715 2366 aequualem
738 2282 948 2364 supposuisse
974 2280 1034 2343 sibi
1056 2278 1334 2367 persuas'e1·unt2).

164 2389 232 2452 Nee
257 2387 383 2466 desunt,
417 2389 561 2476 quinon
594 2391 672 2452 satis
697 2398 849 2453 acerram
882 2387 1138 2478 demonstratum
1169 2405 1243 2450 esse
1268 2389 1334 2450 exi-

165 2495 296 2559 stiment
331 2495 467 2581 Lysiam
502 2494 592 2558 ilium
635 2516 830 2582 componere
867 2518 929 2559 non
964 2494 1158 2581 potuisse3).
1222 2494 1336 2580 ltaque

165 2623 233 2667 rem
257 2603 501 2667 retraetandum
530 2602 607 2666 mihi
636 2605 804 2689 proposui.
852 2601 904 2668 Ae
933 2606 1071 2688 primum
1102 2604 1241 2689 quidem,
1273 2625 1336 2689 quo

166 2708 283 2772 melius
313 2731 425 2771 omnes
458 2732 575 2772 causae
606 2718 724 2772 statum
753 2719 961 2792 cognoscant,
993 2733 1076 2795 quae
1106 2713 1138 2775 in
1168 2721 1336 2795 utramque

167 2825 293 2900 partem
322 2814 490 2901 disputata
519 2825 603 2897 arunt,
638 2813 835 2878 brevissime
865 2837 1028 2901 exponere
1057 2816 1136 2880 mihi
1168 2820 1199 2880 in
1230 2818 1337 2880 animo

168 2935 225 2989 est.
274 2924 347 3003 Qua
370 2925 403 2987 in
427 2945 461 2985 re
486 2922 527 2987 ab
545 2922 686 3007 antiquis
708 2920 875 3008 profioisei
898 2944 1039 3010 aequum
1065 2935 1123 2988 est.

311 3138 341 3201 1.
382 3136 473 3223 quiid
496 3139 634 3203 ueteres
659 3138 702 3203 (le
731 3137 915 3223 epitaphio
939 3138 1192 3206 iudioauerlnt.
1265 3191 1268 3196 .

256 3262 320 3324 Per
343 3265 443 3325 totam
462 3263 689 3346 arotiquitatem
715 3261 917 3348 epitaphium
933 3263 1060 3350 Lysiae
1083 3265 1241 3329 tributum
1266 3287 1338 3330 esse

168 3371 249 3432 satis
279 3371 416 3432 constat.
467 3369 639 3454 Nusquam
672 3371 758 3433 enim
787 3369 875 3457 apud
905 3370 1146 3456 grammaticos,
1181 3371 1245 3436 etsi
1272 3397 1337 3437 non

167 3498 240 3539 raro
266 3477 336 3538 eius
353 3475 473 3540 mentio
489 3475 534 3559 fit,
559 3475 640 3540 illud
656 3483 681 3545 εἰ
695 3485 815 3569 γνήσιος
832 3481 982 3545 occurrit.
1021 3478 1140 3564 Neque
1156 3481 1337 3566 Dionysius

167 3582 471 3648 Halicarnassensis
496 3606 568 3648 eum
587 3583 714 3666 reiecit,
740 3588 796 3670 qui
811 3592 944 3667 πολλοὺς
959 3589 1018 3672 ἤδη
1034 3600 1095 3655 τῶν
1111 3592 1338 3680 ἀναφερομένων

169 3695 211 3768 εἰς
234 3695 327 3757 αὐτὸν
350 3694 449 3781 λόγων
472 3696 524 3758 καὶ
546 3699 784 3782 πεπιστευμένων
808 3699 862 3761 ὑπὸ
886 3704 940 3761 τοῦ
964 3698 1117 3779 πλήθους,
1147 3702 1190 3774 ὥς
1213 3699 1284 3761 εἰσιν
1307 3702 1338 3761 ἐν

169 3806 234 3874 τοῖς
256 3804 330 3863 πάνυ
355 3803 487 3885 γνησίοις
508 3808 563 3864 τοῦ
587 3801 699 3866 Λυσίου
723 3843 773 3853 ···
797 3804 986 3886 ὑποπτεύσας
1007 3827 1042 3867 πε
1064 3806 1115 3868 καὶ
1135 3804 1304 3892 βασανίσας
1312 3801 1337 3885 4)

169 3898 209 3964 de
234 3903 399 3988 epitaphio
424 3904 471 3967 nil
495 3902 630 3969 dubitat.

259 4078 278 4145 ¹)
299 4075 334 4130 ef.
354 4076 455 4129 Blaesii
474 4078 531 4134 Aa.
551 4081 666 4135 Bereds.
687 4081 713 4133 Ι9
732 4081 793 4136 472.

256 4169 265 4196 ’·’
298 4166 527 4221 Wilamowitnius
543 4170 618 4239 apud
633 4170 777 4239 Dielsium‚
796 4170 898 4225 Abhol.
920 4172 945 4226 d.
960 4172 1033 4226 Berl.
1048 4172 1138 4228 hkad.
1161 4171 1229 4224 1886
1247 4191 1274 4240 p.
1294 4174 1336 4226 35.

258 4258 277 4320 ³)
297 4255 417 4309 Dieloius
437 4255 453 4308 l.
474 4274 505 4323 ος
524 4256 718 4313 Wendiandus
739 4260 855 4314 Hermen
875 4261 950 4313 XXV
969 4280 995 4329 p.
1017 4261 1109 4314 181ff.

256 4346 277 4411 ⁴)
298 4346 331 4399 de
352 4346 413 4413 Lyn.
433 4345 489 4400 hul.
511 4364 533 4399 ο.
554 4347 587 4399 12
605 4366 632 4417 p.
652 4349 703 4401 477
723 4349 756 4407 n.

1163 4440 1178 4492 1
