3022 5032
693 315 715 380 3

200 511 251 576 Ae
276 511 305 576 si
322 534 439 577 causas
457 509 706 596 perlustramus,
730 508 822 574 nulla
838 507 969 595 saepius
987 498 1176 575 obtenditur
1192 533 1289 601 quam

114 640 197 702 quae
226 640 267 681 ex
294 639 444 682 sermone
469 639 488 679 a
511 615 645 701 reliquis
672 615 871 679 orationibus
897 614 1029 680 diversa
1051 612 1219 702 repetitur.

205 726 233 788 1.
261 724 391 809 Optime
420 722 656 792 Valhenaerius
670 722 701 804 ¹),
737 721 829 785 cuius
864 731 1058 806 argumenta
1087 722 1288 808 posteriores

112 833 330 894 firmaverunt
353 852 418 894 nen
441 833 614 907 auxerunt,
639 830 686 893 ita
711 827 971 915 comprehendit:
1000 827 1076 909 „Nil
1092 831 1125 892 in
1148 828 1208 893 illa
1223 830 1288 916 Ly·

114 940 249 1000 siacum.
272 937 310 1000 In
328 937 436 1002 inultis
456 959 570 1003 sensus
589 946 640 1000 est
652 935 852 1022 i1npeditier3
871 935 1022 1022 nuspiam
1039 939 1178 1022 apparet
1193 934 1288 1022 Lysi·

114 1067 175 1106 area
199 1043 347 1108 facilitas,
394 1044 519 1108 Multas
548 1042 683 1108 adhibet
710 1042 891 1107 locutiones
923 1042 963 1106 ab
993 1066 1055 1105 usu
1084 1042 1209 1129 Lysiae
1234 1043 1289 1106 ali·

117 1173 202 1214 enas.
250 1151 374 1216 Multas
398 1153 548 1238 imperite
566 1151 762 1236 frequentat,
789 1149 974 1236 sophisticis
996 1151 1197 1215 ornamentis
1221 1149 1288 1235 ple-

114 1280 174 1321 nus
203 1268 260 1335 est,
295 1260 492 1345 pracsertim
523 1256 705 1344 puerilibus
742 1255 1034 1322 exclamationibus
1062 1266 1092 1322 et
1122 1256 1289 1321 antithetis

111 1365 230 1449 partim
253 1364 362 1428 nimiis
387 1367 507 1451 partim
531 1366 664 1452 ineptis.
712 1364 855 1428 Easdem
888 1364 1065 1428 sententias
1089 1365 1213 1451 passim
1237 1386 1288 1428 re-

110 1473 197 1555 petit
229 1472 389 1536 interdum
425 1472 540 1549 iisdem
574 1473 643 1536 scre
677 1472 800 1537 verbis.
852 1477 933 1552 Τοὺς
960 1475 1126 1561 Κορινθίων
1157 1476 1290 1563 βοηθούς
1387 1524 1396 1541 .

110 1577 306 1658 laudaturus
329 1579 363 1644 in
386 1581 451 1644 line
483 1580 650 1643 dumtaxat
676 1578 833 1643 erationis
858 1579 1002 1643 breviter
1026 1578 1167 1662 attingit3
1200 1584 1288 1643 tetus

114 1688 219 1749 estin
245 1686 323 1749 loeis
349 1687 574 1751 cenimuuibus
604 1698 634 1749 et
658 1687 690 1748 in
720 1696 868 1749 veterum
892 1684 1145 1749 Atheniensium
1172 1687 1288 1769 gestis.

113 1792 153 1855 ln
177 1792 271 1855 lueri
296 1794 482 1876 fragmento
506 1792 685 1878 Hyperidis
715 1792 803 1878 apud
829 1792 1004 1856 Stebaeum
1034 1791 1131 1878 plura
1155 1793 1198 1856 ad
1221 1815 1288 1858 rem

113 1900 200 1960 <licta
224 1903 303 1960 sunt
328 1922 423 1982 quam
448 1898 482 1962 in
506 1902 578 1963 tota
601 1898 664 1962 hac
688 1899 862 1963 erati011e“.

202 2005 327 2067 Eadem
350 2007 517 2093 vituperat
540 2005 737 2091 Siniterus2)
771 2018 802 2070 ct
825 2004 1093 2089 Hosti-seherum),
1127 2006 1287 2089 „Legas'·‘‚

113 2111 229 2196 inquit,
266 2136 423 2197 „ipiaeso⁷
460 2113 567 2178 lector
598 2113 773 2195 benevole,
808 2113 1009 2201 epitaphium
1043 2112 1289 2198 'l'hucydideum

112 2218 166 2282 vel
196 2219 351 2282 isocratis
380 2223 625 2306 panegyricum,
658 2221 714 2285 ubi
737 2219 817 2285 tales
846 2220 992 2284 inanium
1021 2220 1194 2284 verberum
1223 2229 1288 2282 tur-

112 2325 181 2404 bas,
207 2349 247 2391 ne
264 2327 416 2412 imperito
442 2327 573 2414 quidem
590 2332 723 2392 oratore
748 2327 863 2412 dignas
881 2326 1075 2413 reperies‘?
1099 2326 1290 2391 Abhorrere

112 2455 132 2496 a
153 2433 289 2520 reliquis
319 2434 522 2498 orationihus
552 2434 731 2499 sententias
760 2433 936 2520 bipartitae
968 2432 1137 2520 particulis
1167 2440 1220 2524 μὲν
1247 2470 1287 2480 -

110 2528 191 2624 1314),
229 2541 419 2618 antitheses,
456 2541 696 2628 tautologias5),
733 2542 894 2627 turgidam
928 2543 1117 2607 orationem.
1169 2540 1286 2626 Neque

112 2647 184 2711 aliis
209 2650 317 2712 eurisis
341 2673 379 2713 ae
403 2649 528 2714 hebrei
552 2649 830 2735 Valhenaeriique
860 2649 976 2714 nititur
1000 2648 1165 2713 Eckertus
1182 2651 1206 2733 ⁶)
1231 2649 1284 2734 qui

114 2754 410 2820 demonstraturum
435 2779 468 2822 se
493 2779 567 2822 esse
596 2758 770 2843 profitetur
793 2759 972 2821 orationem
1005 2761 1038 2821 et
1071 2756 1289 2843 dispositione

115 2865 150 2924 et
162 2864 347 2928 inventione
362 2876 393 2929 et
410 2864 595 2929 elocutione
608 2864 712 2951 Lysia
728 2863 824 2951 plane
842 2864 1008 2948 indignam
1026 2885 1106 2927 esse.
1132 2862 1289 2926 Ceterum

114 2970 259 3053 priorum
298 2970 453 3036 iudicium
494 2971 577 3035 loeis
615 2994 656 3036 ex
692 2970 855 3057 epitaphio
889 2969 1087 3058 depromptis
1127 2969 1290 3035 illustrare

115 3077 195 3138 satis
219 3076 327 3140 habet.

203 3182 353 3246 Blassius
379 3184 518 3268 denique
549 3184 703 3270 epitaphii
727 3188 894 3249 auctorem
917 3184 1052 3270 Lysiam
1080 3207 1153 3248 csse
1178 3188 1288 3269 negat,

116 3311 188 3352 eum
211 3288 346 3375 reliquis
369 3290 565 3376 prudentior
588 3315 654 3356 non
678 3294 842 3357 orationes
862 3291 1047 3369 iudiciales,
1074 3291 1132 3356 sed
1155 3293 1286 3357 brevem

115 3395 346 3484 Olympiaeum
374 3397 533 3481 adhibeat,
568 3401 643 3485 quia
673 3399 707 3464 in
740 3398 907 3486 epitaphio
934 3422 1097 3484 nusquam
1124 3399 1286 3484 genuinus

113 3504 171 3568 ille
195 3505 327 3591 Lysias,
358 3506 464 3592 qualis
490 3506 586 3571 etiam
615 3507 649 3571 in
674 3506 872 3594 Olympiaca
897 3517 1121 3591 cognoscatur,
1155 3507 1214 3570 sed
1239 3528 1288 3569 sc·

113 3611 225 3698 phista
249 3612 400 3696 turgidus
425 3624 457 3677 et
480 3613 677 3699 vaniloquus
710 3618 745 3677 et
768 3612 825 3699 qui
854 3611 1036 3676 orationem
1059 3613 1182 3697 figuras
1207 3613 1288 3676 Gor-

115 3721 228 3801 gianas
245 3719 328 3783 male
344 3720 491 3786 imitatus
510 3744 551 3785 ex
567 3723 713 3788 Isocrate
731 3719 869 3806 aliisque
887 3725 1034 3803 consuat,
1057 3719 1240 3786 inveniatur
1252 3720 1286 3805 7).

178 3831 191 3835 ’ἢ
205 3832 232 3928 1),
245 3832 328 3924 houd
348 3862 433 3916 Dobr.
455 3863 520 3916 adv.
539 3880 566 3930 p.
585 3863 611 3916 8.

204 3950 224 4014 ⁴³)
244 3948 308 4003 lect.
328 3950 413 4005 Adoc.
435 3971 460 4019 p.
481 3951 542 4006 281.

206 4037 225 4105 ³)
246 4037 262 4088 1.
284 4055 305 4091 0.
325 4057 352 4107 p.
371 4041 414 4095 49.

204 4130 224 4194 ⁴)
244 4127 381 4182 Holsehar
399 4148 426 4198 p.
445 4130 487 4183 111.

205 4219 225 4280 ⁵)
245 4236 272 4286 p.
292 4217 334 4272 50.

204 4308 286 4375 6)110
307 4307 451 4376 epitaphio
471 4308 571 4376 Lysiae
591 4309 697 4363 oratori
716 4308 788 4362 falso
808 4308 916 4361 tributo
936 4307 1029 4361 Berol.
1051 4306 1115 4359 diss.
1137 4306 1214 4361 18116.

204 4398 225 4461 u
244 4398 302 4449 aa.
324 4397 439 4451 aerea
460 4397 487 4448 r
505 4415 532 4466 p.
553 4397 613 4452 444.
1076 4468 1107 4520 1*
