3022 5032
772 295 813 359 14

689 383 897 396 σαι-ιι*-

296 485 343 552 At
366 487 497 552 dicunt:
523 491 594 576 quis
619 487 854 553 recitavisset?
886 491 974 576 quod
997 490 1120 556 nullius
1144 490 1380 556 momenti'cst'

206 592 336 657 Etenim
372 592 499 659 etiamsi
522 594 656 660 Lehello
692 617 757 659 non
795 594 966 660 credamus
1001 597 1137 682 Lysiam
1168 601 1378 685 peregrinum

207 698 284 784 eligi
306 703 461 787 potuisse,
488 703 544 787 qui
572 701 772 787 epitaphium
800 701 943 781 haheret,
975 708 1087 768 tamen
1118 704 1198 769 illud
1221 706 1378 791 effugium

206 811 319 888 restat,
355 807 510 893 Gorgiam
540 831 613 872 cum
637 808 796 872 imitatum
825 811 1064 875 exercitationis
1098 834 1198 876 causa
1220 811 1276 876 rel
1299 815 1377 877 artis

209 913 393 1000 exemplum
427 915 629 1001 epitaphium
654 937 727 980 eum
756 918 989 1000 composuisse.
1014 916 1101 983 Nam
1124 920 1259 1002 Lysiam
1284 920 1379 984 etiam

207 1021 239 1083 in
262 1044 382 1105 genere
417 1021 546 1086 funchri
580 1022 804 1088 elaboravisse
841 1023 1196 1103 Pseudo-Plutarchus
1229 1026 1377 1107 Photius,

207 1124 341 1208 Suidas,
374 1130 500 1199 Theo¹t
536 1132 716 1196 certissime
745 1131 917 1196 affirmant.
978 1130 1059 1195 Inde
1093 1131 1236 1197 fortasse
1271 1134 1380 1216 ampla

206 1234 261 1299 illa
296 1237 452 1300 maiorum
479 1236 559 1315 hum,
597 1260 681 1324 quae
717 1238 863 1302 Eekerto
897 1238 969 1302 iure
1006 1237 1165 1323 displicet,
1204 1248 1237 1300 et
1260 1241 1379 1321 exigna

207 1365 375 1407 caesorum
398 1344 555 1408 memoria
573 1344 766 1430 explicatur,
793 1345 912 1429 quippo
931 1365 1015 1430 quae
1040 1344 1081 1408 ad
1105 1343 1183 1408 belli
1208 1345 1285 1409 certi
1309 1368 1376 1408 me-

207 1451 266 1513 dos
291 1449 461 1515 formanda
485 1459 581 1515 essct.

295 1557 361 1621 Sed
384 1557 449 1622 ianr
474 1556 670 1623 accedamus
700 1556 742 1621 ad
772 1558 1002 1641 gravaminum
1035 1557 1117 1622 illud
1147 1563 1374 1643 argrunentum

207 1674 239 1727 ct
268 1666 407 1727 maxime
441 1664 608 1746 idoneum,
646 1688 708 1752 qno
737 1687 789 1730 res
815 1666 1013 1729 conficiatur.
1070 1666 1199 1729 Etenim
1238 1667 1376 1730 sirecte

205 1770 354 1835 Blassius
380 1773 509 1836 censuit
523 1772 658 1857 Lysia-m
677 1772 831 1837 isocratis
848 1771 1039 1858 panegyrici
1057 1773 1241 1855 exemptum
1260 1773 1374 1853 fuisse,

207 1877 358 1965 equidem
391 1903 456 1944 non
480 1879 624 1944 dubitem
659 1878 863 1966 epitaphium
893 1881 1070 1963 genuinam
1107 1879 1229 1965 Lysiae
1264 1881 1378 1943 uratio-

156 2061 157 2064 ,
205 2009 281 2048 nem
305 1985 459 2050 iudicare.
510 1987 567 2052 Sin
596 1996 705 2050 autem
735 1988 935 2050 eontrarium
965 1996 1137 2072 appareat,
1174 1985 1376 2072 epitaphium

206 2096 282 2177 post
320 2116 442 2157 annum
477 2096 542 2158 380
579 2093 793 2181 compositum
829 2116 912 2171 esse,
938 2093 1058 2178 Lysias
1084 2092 1237 2158 orationis
1262 2103 1377 2157 auctor

206 2222 271 2263 non
295 2209 402 2285 potest
426 2223 508 2279 esse,
535 2203 706 2287 omniaque
734 2200 799 2278 illa,
825 2224 907 2286 (pirae
933 2222 1033 2286 snpra
1057 2202 1255 2279 marmorati,
1281 2223 1377 2284 argu-

206 2318 324 2390 menta,
350 2307 458 2394 quoad
473 2307 536 2373 hoc
552 2307 798 2373 fundamentum
815 2307 903 2386 afuit,
929 2307 1066 2384 infirma,
1092 2317 1159 2370 tum
1183 2306 1260 2370 uerri
1284 2317 1379 2372 erunt

206 2414 247 2477 ad
277 2414 515 2480 confirmandas
547 2414 761 2499 suspiciones.
811 2414 876 2477 'illa
905 2417 990 2477 enim
1023 2415 1172 2498 quamvis
1200 2435 1280 2478 vera
1312 2437 1376 2478 non

206 2520 346 2585 multum
371 2521 535 2604 valebant,
563 2522 624 2586 hoo
648 2544 726 2586 vero
750 2521 837 2584 litem
863 2521 1003 2585 discerni
1028 2544 1123 2585 nenio
1147 2521 1287 2605 negabit.

295 2645 482 2710 Dolendum
507 2651 617 2712 autem
642 2650 694 2710 est
717 2649 806 2711 viros
824 2645 940 2712 doctos
965 2646 1072 2710 adhuc
1096 2646 1173 2710 huic
1198 2649 1379 2732 quaestioni

206 2776 320 2837 pamm
346 2775 466 2840 operae
491 2755 632 2820 dedisse.
684 2755 800 2840 Neque
826 2753 911 2818 enim
936 2756 1015 2818 satis
1040 2758 1197 2818 accurate
1225 2753 1378 2818 Dohreus

208 2869 239 2922 et
261 2860 486 2926 Hoclscherus
516 2863 701 2948 opinionem
729 2884 821 2925 suam
854 2861 1044 2925 confirmare
1073 2860 1271 2924 studuerunt
1294 2863 1377 2926 astir-

206 2977 332 3032 mantes
356 2970 490 3053 Lysiam
527 2971 720 3033 imitatorem
756 2990 841 3034 csse.
888 2969 970 3031 Nam
995 2990 1069 3030 cnm
1094 2967 1164 3032 aliis
1201 2967 1240 3030 de
1270 2968 1377 3032 causis

207 3074 407 3160 epitaphium
443 3078 590 3161 spurium
622 3098 694 3140 esse
720 3076 782 3140 sihi
805 3076 1061 3161 persuasissent,
1099 3074 1214 3140 leviter
1243 3074 1305 3138 hoe
1330 3098 1378 3138 ar·

206 3192 395 3263 gumentum
418 3185 611 3268 tetigerunt.
665 3181 730 3262 Qui
755 3205 832 3244 vero
857 3190 987 3245 veteres
1012 3183 1117 3246 secuti
1143 3181 1278 3266 Lysiam
1302 3203 1378 3245 aric-

206 3297 309 3352 torem
336 3289 519 3354 retinebant
543 3289 688 3353 similiter
712 3298 969 3352 consentancum
994 3291 1177 3373 posuerunt
1198 3288 1376 3352 Isocratem

208 3417 282 3458 esse
307 3397 511 3461 imitatorem.

301 3503 416 3589 Itaque
443 3506 596 3590 quoniam
633 3526 717 3589 quae
752 3503 859 3566 adhuc
895 3506 1090 3586 argumenta
1126 3512 1242 3567 contra
1277 3501 1378 3587 epita-

206 3610 319 3696 phium
342 3610 467 3697 prolata
491 3615 578 3689 sient,
614 3612 785 3676 nonsatis
815 3631 965 3694 magnam
1001 3609 1067 3674 vim
1091 3609 1212 3674 habere
1247 3609 1378 3673 demon-

207 3720 322 3800 stravi,
349 3741 468 3804 operae
485 3720 629 3804 pretium
644 3719 761 3802 putavi
784 3718 973 3782 accuratius
990 3737 1165 3802 exponere,
1192 3739 1275 3802 quae
1293 3717 1378 3780 ratio

206 3826 390 3890 intercedat
423 3826 511 3889 inter
545 3824 745 3909 epitaphium
784 3827 818 3889 et
851 3826 1095 3909 panegyricum.
1140 3823 1257 3910 Neque
1294 3823 1380 3888 enim

208 3955 319 3996 omnes
344 3933 523 3997 Isocratem
552 3929 773 4017 impudentiae
802 3941 833 3994 et
860 3931 943 3995 furti
970 3929 1155 3995 insimulari
1185 3954 1251 3995 non
1282 3952 1380 4016 posse

207 4039 426 4122 crediderunt,
452 4039 542 4104 velut
564 4038 718 4104 Dehreus
741 4041 811 4123 ipse
835 4048 982 4101 vetermn
1006 4035 1128 4102 iudicia
1150 4037 1263 4103 affert:
1289 4044 1381 4130 εὕροις

206 4148 273 4214 δ’ἂν
295 4152 346 4215 καὶ
368 4146 433 4239 παρ’
457 4146 620 4238 Ἰσοκράτει
643 4152 673 4215 ἐν
696 4160 739 4236 τῷ
763 4159 949 4236 πανηγυρικῷ
979 4151 1020 4212 τὰ
1051 4149 1081 4212 ἐν
1108 4158 1153 4234 τῷ
1177 4148 1289 4212 Λυσίου
1321 4150 1380 4212 ἐπι-

297 4359 323 4429 1)
344 4358 379 4412 ef.
399 4377 424 4427 p.
445 4359 469 4412 7.
