3022 5032
740 255 782 318 29

649 347 862 356 u—-e———-—-

172 451 345 542 Graeciqm
371 472 404 515 se
428 475 447 515 a
470 451 620 516 barbaris
646 451 822 516 defendere
856 473 959 538 neque
990 473 1090 536 posse
1120 473 1227 536 neque
1258 450 1347 517 velle

168 558 278 645 palam
301 558 443 644 professi
468 569 567 623 erant.
614 559 711 624 Unde
735 559 856 623 factum
880 568 946 636 est,
971 563 1009 621 ut
1033 557 1187 622 civitates
1210 558 1346 623 Atheni·

169 665 304 731 ensibus
341 665 448 729 denuo
485 665 594 729 studia
629 665 833 730 inclinarent.
887 664 960 745 Quo
993 687 1072 728 vero
1107 664 1211 748 magis
1247 675 1346 750 atque

168 772 263 838 citius
296 774 439 835 omnium
474 774 573 835 animi
608 772 873 850 conciliarentur,
910 772 1075 836 Isocrates
1110 775 1345 857 panegyricum

171 879 366 966 composuit.
414 878 521 943 Recte
552 879 650 963 igitur
674 900 693 943 a
718 878 807 943 nullo
843 884 919 943 ante
954 900 990 941 se
1024 878 1112 942 illam
1146 879 1346 944 sententiam

168 996 335 1050 tractatam
360 1008 434 1048 esse
459 985 615 1067 affirmat,
654 988 728 1072 quia
762 991 834 1050 tum
870 987 977 1071 prima
1007 985 1145 1050 facultas
1171 984 1246 1050 data
1270 1008 1346 1052 esse

171 1092 298 1157 videtur
321 1095 478 1179 pristinae
501 1096 668 1179 potentiae
691 1093 986 1177 recuperandaefl)

256 1201 285 1263 2.
322 1200 454 1263 Deinde
478 1199 653 1280 Isocrates,
680 1201 801 1284 quippe
831 1200 888 1285 qui
917 1201 1061 1265 omnium
1085 1198 1287 1264 Graecorum
1310 1202 1346 1264 in

170 1305 326 1371 barbaros
350 1305 470 1370 bellum
495 1307 580 1368 ciere
605 1305 696 1386 velit,
728 1306 869 1390 Gorgiae
894 1305 1002 1370 studia
1024 1305 1251 1392 panhellenica
1274 1329 1345 1371 sec·
1413 1385 1419 1391 ,

166 1419 275 1487 tatur,
317 1413 374 1499 qui
396 1413 472 1476 item
509 1412 712 1498 trophaeaa
745 1412 895 1477 barbaris
932 1417 1100 1499 reportata
1123 1415 1283 1491 carmina,
1324 1436 1345 1479 a

88 1515 95 1524 ¹
167 1520 306 1585 Graecis
330 1523 443 1586 nenias
468 1520 633 1604 postulare
658 1519 744 1584 dicit.
801 1520 919 1605 Neque
943 1519 1200 1584 Atheniensium
1234 1531 1345 1606 partes

165 1629 315 1713 sequitur
338 1627 427 1708 ideo,
464 1637 501 1690 ut
523 1627 651 1712 privata
675 1626 844 1690 commoda
868 1626 915 1690 eis
940 1638 1048 1713 paret,
1086 1626 1143 1691 sed
1167 1632 1205 1690 ut
1239 1628 1346 1692 totius

166 1734 316 1800 Graecae
340 1733 482 1798 nationis
507 1733 604 1796 saluti
627 1733 811 1818 provideat.

258 1840 288 1904 3.
325 1839 421 1921 Tum,
452 1842 513 1903 etsi
536 1839 870 1905 Lacedaemoniorum
894 1839 1080 1924 superbiam
1103 1839 1236 1926 reliquis
1260 1840 1342 1905 locis

168 1945 450 2018 vehementissime
483 1948 660 2032 vituperet,
697 1952 807 2010 tamen
839 1947 872 2008 in
901 1945 992 2011 bello
1015 1946 1192 2011 Persarum
1221 1947 1343 2011 descri-

168 2052 284 2134 bendo,
307 2057 348 2117 ut
370 2055 532 2131 ostendat,
566 2052 746 2139 quidboni
770 2076 810 2116 ex
835 2053 1010 2117 concordia
1034 2063 1204 2133 nascatur,
1237 2053 1344 2120 Lace·

169 2158 407 2224 daemoniorum
424 2161 514 2224 facta
531 2160 683 2224 consulto
700 2160 811 2223 laudat
828 2160 1035 2247 studiumque
1053 2183 1163 2224 eorum
1180 2160 1344 2226 Graeciae

165 2265 355 2330 liberandae
379 2267 543 2353 proponit.

255 2371 348 2454 Quae
384 2377 570 2438 sententiae
607 2374 648 2437 ab
685 2372 842 2459 epitaphii
879 2377 1075 2458 argumento
1114 2376 1146 2436 in
1186 2373 1345 2437 honorem

162 2481 309 2544 virorum
332 2479 456 2562 habiti,
494 2481 549 2565 qui
585 2487 701 2545 contra
722 2481 1006 2545 Lacedaemonios·
1036 2490 1221 2566 pugnantes
1255 2480 1345 2545 caesi

164 2596 255 2669 sunt,
296 2586 394 2651 valde
429 2587 627 2670 abhorrent3
671 2588 710 2651 de
750 2589 936 2674 principatu
974 2609 1053 2651 vero
1088 2586 1347 2652 Atheniensibus

162 2692 361 2757 vindicando
386 2693 415 2758 si
448 2695 526 2779 quid
554 2696 777 2775 inveniamuS,
813 2694 935 2758 nemini
969 2696 1033 2757 nisi
1055 2694 1209 2775 Isocrati,
1247 2693 1347 2758 huius

164 2802 346 2865 sentcntiae
370 2801 545 2880 inventori,
572 2801 716 2868 debetur.

259 2906 386 2987 Quibus
409 2907 539 2972 indiciis
564 2908 681 2972 melius
707 2932 804 2993 quam
829 2907 966 2992 singulis
989 2908 1099 2973 verbis
1106 2957 1113 2990 ,
1150 2918 1223 2971 uter
1254 2908 1348 2993 prior

163 3014 213 3094 sit,
239 3013 501 3079 diiudicabimus

646 3125 859 3132 ——--——--.

296 3194 329 3256 tt.
371 3192 418 3258 uc
443 3193 650 3277 principatu
673 3192 953 3259 Atheniensibus
977 3192 1209 3258 vindicando.

251 3298 498 3364 Perlustremus
522 3300 625 3384 igitur
649 3300 868 3386 epitaphium,
904 3322 982 3362 num
1014 3298 1080 3363 tale
1111 3298 1188 3384 quid
1219 3298 1346 3363 inveni-

163 3428 269 3470 amus.
315 3404 429 3492 Atque
455 3429 529 3470 cum
553 3407 674 3470 fabulis
700 3405 935 3492 antiquissimis
971 3407 1195 3491 principatum
1231 3405 1345 3469 deberi

165 3510 428 3577 Atheniensibus
452 3513 616 3578 Isocrates
641 3515 722 3577 satis
747 3513 920 3578 artificiose
946 3511 1250 3594 demonstravisset,
1277 3514 1343 3598 epi-

164 3617 268 3704 taphii
292 3618 431 3704 scriptor
453 3619 549 3684 facile
572 3619 660 3683 illam
685 3620 881 3684 sententiam
906 3621 1056 3682 omittere
1079 3620 1191 3704 potuit.
1226 3618 1343 3683 Merito

167 3745 244 3787 vero
267 3724 521 3812 iustissimisque
545 3727 608 3790 nisi
634 3727 743 3790 causis
768 3749 809 3791 ex
831 3726 912 3790 belli
938 3726 1113 3790 Persarum
1139 3725 1345 3811 temporibus

168 3827 298 3893 demum
321 3831 541 3898 Athenienses
567 3832 704 3898 Graecis
738 3856 773 3898 se
804 3855 960 3919 praeesse
993 3838 1146 3919 oportere
1179 3831 1342 3896 dicebant.

164 3936 281 4024 Itaque
305 3959 343 4002 ea
366 3942 521 4003 orationis
544 3951 638 4026 parte
664 3940 846 4004 certissime
873 3939 1019 4025 quaestio
1045 3937 1284 4003 diiudicabitur.

251 4044 375 4109 Narrat
398 4047 496 4130 igitur
519 4047 685 4112 Isocrates
713 4047 804 4110 bella
832 4070 906 4109 cum
930 4046 1031 4110 Dario
1058 4056 1089 4108 et
1113 4045 1224 4109 Xerxe
1248 4055 1343 4129 gesta

168 4149 356 4216 Plataeensi
389 4153 512 4238 proelio
537 4178 601 4217 non
632 4164 892 4218 commemorate.
941 4154 1025 4216 Tum
1050 4163 1085 4215 ut
1109 4151 1345 4216 obtrectatores

254 4311 272 4378 ¹)
293 4310 328 4364 cf.
350 4310 557 4384 lVilamoivitaii
579 4312 761 4374 „Aristoteles
780 4313 839 4366 und
857 4313 969 4365 Athen“
989 4311 1018 4363 Π
1036 4329 1063 4379 p.
1083 4309 1144 4364 384.
