3022 5032
734 297 775 360 27

645 388 857 395 ———

255 492 358 559 Simul
375 492 564 579 populares
583 516 658 556 eum
673 495 784 557 veniat
800 496 1032 585 συμβουλεύσων
1047 499 1111 584 περὶ
1127 537 1133 548 ·
1150 537 1155 548 ·
1172 536 1177 548 ·
1192 505 1250 577 τής
1268 498 1339 584 ὁμο·

163 609 259 682 νοίας,
285 600 404 664 docere
429 600 545 682 studet,
572 599 752 685 quidboni
776 599 952 664 concordia
974 598 1197 664 Athenienses
1221 609 1253 662 et
1275 599 1339 663 La-

166 707 370 774 cedaemonii
394 707 469 771 olim
493 706 606 793 adepti
629 708 697 771 sint
725 707 900 770 etiterum
924 707 1078 793 adepturi
1102 709 1174 784 sint,
1201 707 1229 772 si
1252 706 1337 792 pari-

162 821 218 879 ter
242 816 480 879 consenserint.

253 939 369 1024 Itaque
395 938 542 1002 consulto
566 938 905 1004 Lacedaemoniorum
928 939 1045 1004 merita
1067 933 1246 1024 praedicat,
1272 938 1336 1001 etsi

164 1069 230 1110 non
253 1047 298 1109 ita
320 1046 458 1109 honeste
483 1067 519 1108 se
542 1055 723 1130 gesserunt.
769 1047 863 1109 Facit
887 1048 921 1128 (ξ
946 1046 1003 1129 86)
1028 1045 1229 1118 aemulantes
1254 1047 1348 1109 inter*

169 1175 204 1216 se
234 1152 420 1237 Spartiatas
450 1162 482 1215 et
509 1151 744 1230 Athenienses,
775 1170 913 1238 qnorum
942 1152 1036 1216 alteri
1065 1152 1125 1217 soli
1155 1151 1337 1236 periculum

171 1258 288 1335 subire,
314 1257 409 1322 alteri
436 1260 615 1343 participes
639 1259 833 1323 discriminis
863 1281 936 1323 esse
961 1281 1088 1323 summo
1119 1259 1224 1322 studio
1250 1260 1337 1342 cupi-

164 1375 229 1429 unt.
283 1369 343 1446 Ὡς
377 1371 451 1455 πρὸς
489 1370 646 1449 ἀλλήλους
687 1371 875 1452 ἀγωνιῶντες
908 1366 978 1449 (91)
1013 1365 1265 1429 Lacedaemonii
1296 1364 1338 1429 ad

166 1471 415 1557 Thermopylae,
439 1471 659 1536 Athenienses
682 1471 723 1535 ad
740 1472 951 1536 Artemisium
974 1473 1089 1536 hostes
1113 1471 1350 1554 sustinebant,

170 1579 257 1665 quod
280 1578 326 1643 illi
357 1577 598 1642 incommodum
629 1581 822 1663 acceperint,
852 1581 966 1643 merito
993 1602 1105 1643 eorum
1129 1579 1249 1642 factum
1271 1598 1338 1642 non

164 1708 255 1767 esse,
280 1707 356 1750 nam
379 1696 450 1766 ταῖς
473 1690 583 1776 ψυχαῖς
605 1699 747 1766 νικῶντες
762 1697 828 1766 τοῖς
851 1694 985 1776 σώμασιν
1009 1691 1131 1754 ἀπεῖπον
1155 1724 1196 1732 —-
1222 1691 1255 1754 οὐ
1280 1693 1338 1776 γὰρ

163 1801 206 1876 δὴ
229 1798 320 1860 τοῦτό
343 1820 378 1881 γε
399 1797 489 1883 θέμις
513 1797 609 1877 εἰπεῖν,
632 1801 675 1872 ὡς
697 1797 885 1877 ἡττήθησαν,
911 1798 1008 1873 οὐδεὶς
1031 1802 1089 1884 γὰρ
1113 1798 1213 1860 αὐτῶν
1236 1805 1339 1885 φυγεῖν

169 1904 292 1983 ἠξίωσεν
304 1898 337 1981 1).

255 2022 357 2088 Porro
380 2031 418 2086 ut
441 2023 659 2088 Athenienses
695 2025 877 2110 principatu
911 2024 1028 2109 dignos
1066 2046 1138 2090 esse
1170 2037 1336 2111 appareat,

171 2128 355 2194 felicitatem
380 2132 539 2194 sociorum
566 2129 730 2211 describit,
757 2154 821 2215 qua
844 2153 902 2215 per
927 2133 1135 2216 septuaginta
1159 2155 1261 2196 annos
1285 2131 1337 2196 usi

170 2242 254 2300 sunt.
313 2236 486 2301 lnhevitur
517 2238 547 2322 (ς’
582 2237 659 2320 110)
689 2236 724 2300 in
758 2235 1007 2301 Atheniensium
1039 2237 1272 2302 obtrectatores
1304 2242 1338 2300 et

166 2343 321 2422 ostendit,
357 2350 481 2430 quanta
506 2344 672 2408 calamitas
697 2342 833 2408 Graecis
859 2343 1016 2420 evenerit,
1043 2367 1082 2409 ex
1107 2368 1170 2431 quc
1195 2356 1337 2430 tempore

167 2450 223 2515 alii
260 2453 301 2514 iis
341 2453 498 2538 praesint.
560 2451 691 2515 Etenim
728 2449 913 2536 principatu
948 2450 1207 2515 Atheniensibus
1244 2473 1338 2537 erep-

167 2568 198 2622 to
223 2557 358 2622 barbari
380 2560 413 2621 in
437 2557 613 2624 Graeciam
637 2561 884 2643 navigaverunt,
911 2558 1174 2647 Peloponnesum
1197 2581 1338 2623 vexave-

167 2675 259 2741 runt,
296 2656 472 2729 Persarum
501 2688 560 2729 rex
593 2672 609 2734 t
644 2673 763 2734 διοικῶν
791 2674 832 2734 τὰ
863 2680 923 2734 τῶν
950 2665 1108 2751 Ἑλλήνων
1142 2667 1247 2730 taetris
1280 2675 1336 2730 est.

168 2772 286 2858 Itaque
309 2772 578 2836 Lacedaemoniis
603 2774 819 2859 principatum
842 2772 1043 2837 nullomodo
1069 2773 1205 2837 concedi
1228 2796 1338 2861 posse,

167 2880 359 2964 praesertim
385 2901 458 2943 cum
484 2878 719 2964 superbissime
744 2881 777 2943 in
800 2878 946 2944 Graecos
971 2902 1006 2944 se
1030 2882 1197 2964 gesserint
1222 2881 1341 2967 (nsque

168 2984 209 3048 ad
231 2985 475 3072 paragraphum
500 2985 585 3070 132).

256 3109 510 3196 Insequentibus
541 3110 703 3197 capitibus
726 3111 893 3176 Isocrates
918 3113 960 3176 ad
996 3111 1202 3177 concordiam
1227 3112 1339 3175 cohor-

168 3220 257 3280 tatur
280 3216 482 3302 (133-137)
511 3228 542 3282 et
565 3218 606 3282 ad
629 3218 750 3282 bellurn
781 3242 853 3282 cum
876 3220 987 3282 Persis
1009 3217 1188 3303 gerendum
1218 3219 1341 3302 (138—

170 3323 255 3407 182).
304 3322 396 3402 Quae
429 3334 538 3387 tamen
563 3325 665 3390 omitti
696 3336 845 3412 possunt,
883 3349 954 3389 curn
979 3326 1060 3390 nihil
1092 3328 1276 3411 pertineant
1299 3324 1340 3388 ad

172 3429 383 3515 epitaphium,
410 3431 528 3516 quippe
554 3433 609 3516 qui
632 3431 791 3518 plurimus
817 3431 862 3495 sit
884 3436 917 3495 in
933 3431 1031 3496 laude
1055 3431 1227 3497 maiorum.
1275 3432 1339 3494 Ita-

172 3557 232 3622 que
263 3536 292 3600 si
329 3535 485 3622 epitaphii
514 3548 627 3602 auctor
653 3541 887 3625 panegyricum
919 3538 1075 3620 adhibuit,
1112 3561 1184 3602 eam
1215 3549 1340 3602 tantum

168 3653 295 3727 partem
319 3643 461 3729 spoliare
484 3647 596 3730 potuit.

256 3767 496 3832 Perlustremus
512 3772 577 3833 iam
600 3770 743 3835 breviter
760 3770 968 3856 epitaphium.
1017 3769 1119 3836 Cuius
1137 3769 1341 3857 propositum

172 3894 305 3957 prorsus
337 3897 356 3937 a
390 3879 587 3961 panegyrico
617 3876 795 3942 abhorrere
825 3883 1083 3942 consentaneum
1108 3887 1177 3940 est'
1216 3876 1342 3942 Omnes

257 4107 279 4173 ¹)
298 4105 389 4158 Valde
409 4121 502 4158 errare
526 4105 594 4157 mihi
613 4105 752 4165 videntur,
779 4107 825 4175 qui
844 4106 1132 4161 Lacedaemoniorum
1154 4107 1253 4161 laudes
1274 4107 1340 4162 inde

166 4195 308 4262 repetunt,
329 4194 400 4261 quod
422 4195 483 4244 tum
502 4194 630 4252 maxime.
651 4213 714 4248 eum
733 4196 780 4249 ille
799 4196 876 4249 locus
895 4195 1016 4264 scriptus
1035 4198 1086 4261 est,
1110 4196 1292 4250 Athenienses
1313 4200 1342 4250 et

168 4281 387 4336 Lacedaemonii
411 4282 535 4335 amicitia
558 4285 719 4338 utebantur.
758 4284 847 4338 Immo
870 4285 963 4354 potius
984 4301 1017 4338 ex
1043 4284 1178 4338 orationis
1196 4288 1342 4359 proposito

168 4370 353 4441 explicandae
373 4374 446 4426 sunt.
