3022 5032
678 302 718 364 19

591 391 803 400 ————--

119 544 121 549 ,
201 501 310 580 Quare
339 501 403 563 iam
432 501 571 585 primum
603 506 829 581 argumentum
853 518 894 559 ex
924 494 1116 580 panegyrici
1141 494 1159 579 ξ
1184 496 1225 559 89
1251 525 1284 550 =

108 610 185 695 epit.
217 609 259 671 29
293 608 469 692 repetitum
501 603 766 690 contemplemur.
817 602 925 687 Atque
955 601 1043 687 quod
1072 611 1208 688 uterque
1236 604 1286 665 vir

109 716 226 781 doetus
250 714 404 778 Isocratis
429 713 630 777 enuntiatum
651 709 857 774 artificiosius
883 731 955 773 esse
973 708 1145 789 contendit,
1170 731 1285 794 parum

109 823 220 887 valere
245 821 288 884 ad
312 818 554 884 diiudicandam
577 818 668 882 litem
690 817 758 880 iam
774 836 875 900 supra
899 815 1054 880 dixeram.
1102 815 1180 900 Ipso
1205 837 1284 880 vero

109 931 174 994 hoc
197 927 348 1012 exemplo
373 928 497 1011 optime,
516 926 733 989 demonstrari
749 928 858 1008 potest
882 924 1027 1007 peiorem
1050 922 1187 985 formam
1211 944 1284 986 sen·

112 1036 235 1101 tentiae
257 1035 331 1098 idco
366 1056 430 1098 non
454 1035 596 1117 priorem
631 1053 727 1095 esse·
756 1030 840 1093 Nam
865 1031 891 1092 si
925 1031 997 1114 quis
1024 1029 1163 1115 quaerit,
1189 1051 1285 1115 quem

115 1144 156 1208 ad
179 1143 278 1207 finem
303 1141 442 1226 scriptor
464 1141 554 1202 initio
579 1138 670 1202 illam
695 1139 888 1200 sententiam
919 1143 1047 1204 πλεῦσαι
1071 1142 1124 1226 μὲν
1147 1142 1199 1203 διὰ
1228 1149 1287 1221 τῆς

112 1257 238 1342 ἠπείρου,
263 1254 405 1330 πεζεῦσαι
427 1253 464 1314 δὲ
486 1253 539 1314 διὰ
561 1258 620 1329 πῆς
643 1249 808 1328 ὃαλάτπης
832 1245 1060 1328 composuerit,
1092 1243 1209 1306 statim
1232 1263 1287 1326 ap·

112 1369 203 1443 paret
227 1379 302 1420 eum
324 1355 447 1418 Xerxis
483 1351 671 1436 superbiam
695 1361 727 1414 et
753 1349 960 1416 insolentiam
989 1349 1174 1433 significare
1197 1349 1287 1414 volu-

109 1465 197 1529 isse:
223 1467 386 1554 βουληθεὶς
410 1468 446 1529 δὲ
469 1472 605 1528 τοιοῦτον
622 1470 761 1548 μνημεῖον
785 1464 969 1542 καταλιπεῖν,
994 1459 1067 1546 ὃμὴ
1091 1468 1150 1540 τῆς
1174 1461 1288 1546 ἀνθρω-

75 1574 76 1577 '
109 1579 196 1656 πίνης
219 1575 337 1663 φύσεώς
360 1575 440 1637 ἐστιν
464 1567 523 1651 (is.
547 1586 663 1650 paneg.
688 1566 751 1645 89).

203 1677 311 1756 Quam
336 1698 468 1739 causam
493 1675 554 1737 etsi
576 1674 694 1756 Lysias
720 1673 791 1757 ipse
817 1693 947 1758 quoque
972 1671 1064 1734 affert
1095 1670 1177 1754 (ἀλλ’
1205 1677 1287 1759 ὑπερ·

113 1788 248 1853 tuniaco
262 1789 304 1848 τὰ
321 1786 404 1872 φύσει
419 1786 573 1872 πεφυκότα
595 1786 646 1847 καὶ
669 1787 710 1847 τὰ
733 1785 804 1847 θεῖα
826 1785 992 1869 πράγματα
1014 1783 1065 1844 καὶ
1088 1784 1148 1856 τὰς
1171 1781 1287 1866 ἀνθρω-

114 1897 203 1967 πίνας
218 1887 376 1971 διανοίας),
401 1892 512 1950 tamen
529 1889 625 1972 quasi
640 1897 675 1949 ut
691 1885 896 1950 demonstret
913 1906 947 1948 se
973 1884 1154 1947 sententiae
1177 1885 1289 1946 inven-

116 2007 222 2060 torem
245 2017 309 2059 non
328 2017 410 2077 esse,
435 1995 574 2058 alteram
599 2017 743 2072 causam,
770 2016 829 2057 our
850 1994 978 2056 Xerxes
1003 1990 1116 2053 Athon
1139 2012 1289 2076 promun-

114 2102 238 2167 turium
267 2102 450 2188 perfoderit,
482 2105 727 2186 impugnantem
755 2104 896 2187 priorem
924 2097 1028 2162 addit:
1059 2099 1158 2180 §28:
1187 2105 1223 2165 τὸ
1254 2104 1291 2165 δὲ

115 2218 256 2300 μέγιστον
279 2221 400 2300 σημεῖον
423 2222 477 2277 τοῦ
501 2215 639 2292 πλήθους
661 2258 668 2272 .
688 2257 695 2274 .
715 2259 721 2272 .
745 2213 912 2298 ἡγούμενος
934 2214 990 2288 ’τὴν
1012 2208 1168 2295 διατριβὴν
1192 2210 1291 2271 αὐτῶν

113 2322 229 2400 πολλὴν
245 2319 378 2384 ἔσεσθαι.
414 2317 475 2379 His
492 2317 577 2378 enim
594 2316 702 2378 verbis
720 2315 760 2378 de
779 2315 934 2400 superbia
949 2313 1015 2376 iam
1031 2310 1110 2397 nihil
1133 2311 1289 2395 loquitur,

114 2424 213 2486 immo
252 2425 361 2509 potius
402 2422 585 2486 rectissime
621 2428 655 2487 et
688 2421 943 2508 prudentissime
978 2441 1038 2483 rex
1070 2417 1165 2498 l'ecit,
1204 2417 1291 2501 quod

113 2528 363 2615 Hellespontum
387 2530 526 2593 navibus
552 2530 727 2594 coniunxit.

204 2637 381 2723 Utramque
397 2639 497 2720 igitur
514 2639 710 2699 sententiam
726 2636 819 2700 initio
845 2658 938 2699 nemo
964 2634 1151 2718 excogitare
1175 2632 1288 2718 potuit,

114 2767 189 2810 oum
213 2745 320 2808 altera
345 2743 482 2807 alteram
506 2742 608 2808 tollat.
656 2743 691 2808 si
715 2766 793 2807 vero
818 2746 1067 2826 interrogamus
1099 2750 1171 2803 utra
1201 2741 1291 2823 prior

115 2854 167 2931 sit,
193 2837 332 2941 dubitari
356 2873 421 2914 non
445 2861 560 2936 potest,
595 2850 673 2936 quin
697 2849 819 2916 Graeci
842 2849 941 2933 vulgo
966 2849 1112 2911 Xerxem
1138 2845 1291 2930 superbia

115 2965 316 3022 commotum
333 2980 405 3022 esse
431 2956 640 3022 crediderint.
690 2958 796 3037 Quam
821 2959 1005 3043 opinionem
1028 2956 1132 3039 primo
1158 2961 1292 3016 secutus

113 3086 151 3129 se
175 3075 287 3127 tenere
320 3087 385 3125 non
416 3058 520 3148 potuit
550 3066 679 3148 Lysias,
719 3066 797 3150 quin
820 3062 983 3130 Herodoti
1012 3061 1093 3126 libro
1122 3061 1291 3122 institutus

115 3194 229 3237 veram
243 3168 528 3233 causamadderet.
549 3171 622 3247 Qua
636 3174 778 3255 priorem
792 3174 986 3235 sententiam
993 3171 1096 3235 deleri
1103 3189 1167 3232 non
1179 3166 1290 3230 sensit.

207 3278 316 3357 Quare
348 3275 425 3340 licet
448 3275 612 3340 Isocrates
644 3276 734 3340 illum
770 3277 887 3357 locum,
926 3302 999 3342 cum
1034 3281 1105 3364 ipse
1143 3281 1291 3359 affirmet,

113 3385 297 3464 detorserit,
323 3382 462 3467 aLysia
479 3393 566 3446 certe
583 3406 648 3446 non
665 3392 835 3447 mutuatus
854 3398 909 3450 est.
958 3387 1060 3452 Immo
1084 3411 1163 3452 vero
1187 3388 1290 3451 fuisse

116 3494 251 3557 videtur
267 3497 406 3578 propter
421 3489 499 3553 illud
524 3495 668 3581 θρυλοῦσι
691 3493 766 3554 trita
789 3514 864 3560 vox,
890 3496 982 3556 cuius
1012 3506 1118 3558 tamen
1145 3498 1293 3559 inventor

118 3602 189 3685 quis
220 3601 319 3663 fuerit
349 3609 437 3662 certo
470 3597 557 3660 effici
589 3621 655 3661 non
685 3603 804 3684 potest.
853 3597 937 3663 Cum
968 3610 1081 3666 autem
1112 3604 1291 3667 [socratem

114 3707 275 3770 nonnulla
306 3705 448 3790 Gorgiae
483 3705 601 3769 debere
634 3711 764 3769 constet
792 3704 982 3791 figuraeque
1016 3707 1201 3793 Gorgianae
1233 3709 1290 3773 illo

119 3812 189 3875 loco
214 3814 454 3877 accuratissime
479 3822 628 3876 servatae
654 3814 726 3889 sint,
759 3813 955 3878 Leontinum
984 3826 1151 3879 auctorem
1179 3817 1291 3897 fuisse,

116 3916 207 4003 quod
231 3919 375 3982 nonnulli
399 3922 617 4003 coniecerunt,
644 3919 758 4006 probo.

209 4023 309 4087 lllum
332 4026 431 4108 igitur
454 4027 564 4090 locum
588 4025 669 4090 nihil
695 4027 737 4090 ad
760 4049 829 4091 rem
856 4029 1019 4114 pertinere
1051 4028 1292 4094 demonstrasse

116 4133 195 4197 mihi
219 4131 340 4196 videor.

207 4241 364 4303 Venimus
389 4237 430 4302 ad
454 4239 568 4325 proelii
596 4239 763 4304 Salaminii
795 4240 1051 4328 descriptionem
1081 4243 1122 4308 ab
1147 4243 1291 4307 [socrate

119 4347 347 4431 vituperatam.

1096 4455 1130 4506 2ο
