3022 5032
133 555 202 640 ipse
227 552 481 617 Atheniensium
505 553 661 615 virtutem
684 551 805 616 frustra
830 553 1051 617 demonstrare
1076 563 1213 616 conatus
1237 553 1306 617 Iso·

133 663 231 728 cratis
259 660 463 746 propositum
490 658 600 743 palam
634 659 817 746 profitetur.
866 658 953 741 Quid
976 661 1062 722 enim
1085 662 1117 723 in
1145 661 1307 747 epitaphio

132 770 336 857 principatus
361 767 423 830 sibi
446 765 543 830 vult?

226 875 289 956 Qui
311 879 422 939 autem
446 876 666 960 principatum
692 873 840 938 obtinere
865 873 1012 938 debent?
1051 873 1105 937 An
1127 874 1151 938 ii
1174 873 1308 938 Atheni·

134 1005 245 1060 66666,
282 984 335 1069 qui
358 983 621 1067 pentecontaetia
646 983 735 1044 caesi
758 980 860 1044 sunt?
905 981 958 1045 De
981 979 1050 1044 illis
1076 983 1161 1045 enim
1185 990 1309 1044 tantum

135 1090 290 1176 loquitur.
327 1088 492 1173 Propositi
515 1088 616 1172 igitur
641 1086 759 1152 oblitus
783 1088 964 1152 Isocratem
989 1087 1140 1173 sequitur
1164 1087 1204 1151 (16
1230 1109 1309 1151 suae

135 1199 247 1262 aetatis
268 1178 539 1262 'Atheniensibus
575 1195 677 1259 verba
711 1194 886 1259 facientem
922 1195 1051 1280 illisque
1086 1194 1310 1281 principatum

136 1305 388 1369 vindicaturum.
1275 1306 1277 1310 ‘
1304 1385 1305 1389 Ἰ

223 1409 291 1476 Cur
321 1431 417 1495 porro
451 1409 539 1472 solos
573 1430 628 1472 eos
655 1409 814 1473 Graeciae
849 1431 1004 1495 praeesse
1040 1408 1195 1495 oportet?
1235 1409 1311 1495 quia

132 1511 257 1584 virtute
296 1516 471 1581 Graeciam
505 1515 728 1580 liberaverunt
763 1538 922 1601 suamque
957 1515 1097 1601 patriam
1131 1516 1309 1580 maximam

134 1625 364 1701 reddiderunt,
405 1647 445 1687 an
487 1623 563 1708 quia
599 1624 756 1689 Graeciae
794 1623 912 1686 melius
951 1623 1015 1687 fuit
1053 1622 1310 1688 Atheniensibus

133 1731 370 1820 imperantibus
410 1752 507 1816 quam
544 1725 837 1794 Lacedaemoniis?
898 1730 1023 1816 Nempe
1062 1731 1096 1793 in
1135 1752 1190 1794 eos
1230 1729 1312 1795 illud

136 1847 246 1931 μόνους
269 1837 391 1903 dictum
417 1859 491 1900 esse
515 1835 657 1914 videtur,
684 1836 806 1922 quippe
832 1839 887 1922 qui
910 1836 1077 1902 maleficiis
1098 1849 1174 1922 post
1195 1860 1311 1923 pacem

136 1945 367 2010 Antalcideam
391 1943 582 2031 principatu
605 1942 756 2028 indignos
778 1966 814 2007 se
832 1943 1048 2030 praebuerint
1062 1945 1096 2007 in
1112 1945 1310 2031 panegyrico

138 2052 322 2138 descriptis.
358 2051 430 2117 Nec
447 2050 565 2114 desunt
580 2050 721 2134 vestigia
736 2049 828 2114 illius
846 2051 951 2137 partis
976 2050 1196 2134 (na-117),
1223 2061 1308 2115 certe

136 2159 383 2246 paragraphum
409 2158 486 2230 106,
524 2180 588 2244 qua
616 2159 780 2221 sociorum
815 2157 1006 2221 felicitatem
1041 2157 1190 2221 breviter
1226 2169 1312 2221 66111-4

136 2267 300 2352 plectitur,
333 2265 424 2351 pacis
448 2263 665 2327 Antalcideae
690 2262 895 2327 calamitates
919 2263 1005 2328 infra
1030 2264 1193 2351 copiosius
1223 2269 1311 2329 trac-

134 2373 250 2437 tandas
275 2374 438 2460 proponit,
465 2370 631 2454 cognitam
656 2369 777 2434 habuit.

225 2479 357 2544 Etenim
383 2500 447 2564 quo
471 2477 541 2542 loco
566 2478 642 2560 §57
668 2477 827 2564 epitaphii
850 2480 985 2564 tyranni
1010 2489 1310 2561 commemorantur,

136 2587 226 2651 haud
242 2584 342 2650 dubie
357 2585 510 2650 lectorem
530 2584 709 2665 offendunt,
735 2607 808 2647 cum
826 2585 866 2648 de
883 2585 1031 2649 barbaris
1049 2585 1174 2670 aliquid
1191 2586 1311 2649 dictum

139 2697 324 2780 exspectes,
349 2716 415 2756 non
440 2692 479 2756 de
497 2690 645 2757 Graecis.
683 2691 769 2756 Nam
790 2714 952 2777 exponere
978 2703 1116 2756 conatur
1138 2694 1313 2778 potentiam

138 2791 404 2864 Atheniensium.
441 2797 547 2863 Recte
572 2797 671 2881 igitur
694 2808 923 2862 commemorat
938 2819 1050 2882 regem
1067 2822 1086 2861 a
1102 2797 1312 2884 popularibus

138 2909 277 2972 vetitum
302 2927 375 2970 esse
398 2905 537 2968 navibus
562 2903 671 2989 longis
703 2927 744 2968 ex
766 2904 851 2969 Asia
880 2903 957 2968 vehi
988 2910 1022 2969 et
1046 2903 1191 2970 Graecos
1224 2906 1313 2969 cives

139 3016 197 3079 sub
223 3036 347 3117 corong
369 3013 520 3076 vendere.
558 3011 646 3091 Quid
669 3035 748 3075 vero
772 3014 901 3098 tyranni
925 3013 967 3077 ad
983 3014 1159 3100 potentiam
1175 3012 1312 3076 Atheni-

140 3119 290 3185 ensium?
337 3119 497 3204 Loquitur
526 3121 610 3183 enim
641 3119 780 3205 scriptor
811 3120 851 3184 de
881 3119 977 3184 bellis
1002 3120 1177 3183 Persarum
1210 3130 1242 3182 et
1272 3119 1313 3184 (16

138 3227 195 3292 illa
216 3229 378 3314 potentia,
403 3248 500 3311 quam
524 3227 557 3288 in
581 3230 710 3290 exteras
735 3229 883 3291 nationes
907 3229 1150 3314 praestiterunt.
1198 3227 1313 3311 Itaque

137 3334 200 3399 nisi
224 3335 309 3399 forte
332 3333 406 3396 illos
430 3343 585 3417 tyrannos
612 3332 816 3396 Graecarum
839 3336 871 3397 in
895 3333 980 3397 Asia
1003 3333 1132 3397 urbium
1163 3343 1312 3418 satrapas
1380 3322 1381 3326 ¹

139 3464 213 3506 esse
237 3445 348 3527 putas,
374 3439 529 3504 Isocratis
553 3440 693 3524 vestigia
715 3441 849 3527 Lysiam
872 3440 994 3525 legisse
1019 3445 1157 3504 statuas.

229 3546 312 3612 Cum
336 3549 470 3631 tyranni
494 3552 529 3610 et
551 3546 737 3614 harmostae
753 3547 1088 3612 Lacedaemoniorum
1111 3549 1313 3634 principatus

137 3653 278 3718 maxime
309 3655 434 3741 proprii
470 3663 580 3718 essent
617 3654 800 3739 oppidaque
829 3654 1114 3718 vehementissime
1143 3661 1313 3735 vexarent,

139 3761 307 3825 Isocrates
329 3783 397 3824 *suo
426 3761 496 3824 iure
532 3762 565 3823 in
601 3760 818 3825 describendo
841 3761 1092 3826 Atheniensium
1126 3761 1315 3847 principatu

141 3865 181 3928 de
217 3867 367 3949 tyrannis
387 3888 388 3893 ¹
405 3866 492 3932 infra
528 3867 757 3952 disputaturus
793 3867 1015 3933 Athenienses
1055 3891 1111 3933 eos
1151 3866 1315 3953 expulisse

138 3970 322 4058 praedicat,
359 3995 475 4059 nempe
510 3981 548 4037 ut
584 3976 780 4038 contrarium
816 3974 885 4039 suis
920 3976 1122 4062 temporibus
1156 3974 1315 4039 accidisse

138 4078 293 4165 aequales
323 4091 544 4164 praemoneat.
593 4082 784 4168 insequenti
821 4105 899 4166 ergo
935 4082 1153 4169 descriptione
1187 4087 1315 4146 tantum

141 4197 321 4251 commotus
343 4185 510 4252 Isocrates
538 4199 695 4272 tyrannos
719 4189 953 4276 pristinamque
978 4190 1170 4276 oppidorum
1192 4189 1314 4254 Asiati·

141 4314 250 4356 corum
274 4294 459 4359 libertatem
483 4301 725 4360 commemorat.
774 4297 889 4382 Itaque
913 4307 1000 4363 recte
1031 4299 1183 4382 negativa
1215 4319 1312 4361 enun-

139 4400 273 4464 tiatione
298 4404 420 4492 ἄπειροι,
444 4407 597 4493 ἐλεύθεροι
620 4405 739 4486 utitur3
765 4425 839 4468 nam
864 4405 893 4466 si
917 4405 995 4490 quid
1018 4414 1115 4468 antea
1132 4427 1198 4469 non
1214 4397 1315 4468 fuisse

1122 4509 1155 4562 3*
