3022 5032
702 303 958 400 ,404

221 495 304 557 triae
338 493 404 580 ipsi
439 495 609 559 obtrectat.
657 495 771 583 Itaque
811 519 884 561 eum
907 498 1069 565 Isocratis
1100 500 1244 586 vestigia
1278 503 1402 590 legisse

223 623 280 664 suo
304 602 373 664 iure
391 604 513 684 statuit,
538 602 614 668 licet
636 605 778 688 priorem
802 605 983 670 sententiae
1001 608 1067 669 vim
1093 611 1258 674 enuntiato
1282 609 1402 677 leviter

221 717 342 773 mutato
367 708 475 773 delere
500 710 667 775 studuerit
722 711 804 775 Nam
829 712 923 798 quasi
939 713 1092 795 senserit,
1119 737 1214 800 quam
1230 739 1297 781 non
1321 741 1398 805 qua-

223 813 330 878 draret
354 813 496 880 Cononis
519 817 676 881 victoriae
700 816 896 882 abominatio
926 821 960 882 in
991 818 1206 907 epitaphium,
1234 824 1397 891 vocabule

224 924 423 1007 ἨΛακωνικήα
450 932 482 985 et
506 925 685 1015 ,,Κόθήρα“
712 935 744 987 et
766 929 1033 1011 „ilehoadaveoogu
1059 930 1195 993 mutavit
1212 933 1346 1017 Ἕλλησι
1368 943 1401 996 et

221 1033 357 1122 Εὐρώπη.
404 1029 583 1095 Praeterea
597 1032 631 1094 in
654 1031 718 1096 fine
743 1034 813 1095 eius
829 1035 929 1118 partis
955 1034 1025 1118 (60)
1048 1033 1131 1100 haec
1147 1035 1288 1101 addidit:
1314 1043 1400 1108 ἀλλὰ

220 1149 321 1204 ταῦτα
344 1143 398 1228 μὲν
422 1141 553 1229 ἐξήχθην
576 1145 644 1230 ὑπὲρ
668 1145 768 1224 πάσης
787 1143 993 1232 ὀλοφύρασθαι
1008 1153 1067 1226 τής
1081 1145 1249 1224 Ἑλλάδος,
1277 1145 1397 1230 quibus

221 1242 331 1306 verbis
356 1265 376 1307 a
398 1246 564 1330 proposito
588 1244 753 1310 deflexum
777 1268 812 1310 se
837 1268 908 1311 esse
931 1249 1003 1333 ipse
1028 1249 1185 1313 concedit.

312 1350 402 1435 Ergo
438 1350 502 1415 hoc
538 1373 666 1438 quoque
701 1350 773 1417 loco
810 1353 964 1440 epitaphii
998 1365 1164 1420 auctorem
1198 1357 1394 1421 imitatorem

221 1457 508 1543 deprehendimus.

312 1563 478 1650 Sequitur,
503 1569 541 1629 ut
564 1564 707 1630 breviter
724 1588 885 1653 exponam
902 1590 966 1652 quo
983 1567 1092 1633 animo
1116 1569 1150 1631 in
1172 1569 1398 1633 Lacedaemo-

221 1673 293 1736 nios
316 1670 425 1737 fuerit.
661 1686 664 1691 '

701 1819 914 1826 --————.

311 1957 341 2022 5.
393 1957 441 2024 Dc
464 1957 830 2031 Lacedaemoniorum
854 1960 890 2025 et
911 1958 1187 2026 Atheniensium
1210 1958 1306 2043 apud

568 2063 769 2130 Isocratem
792 2065 1042 2131 consensione.

310 2204 515 2292 Pauegyrico
562 2205 745 2271 Isocratem
798 2206 1042 2292 potentissimos
1099 2206 1241 2270 maxime
1289 2205 1393 2271 Grae-

223 2313 291 2378 ciae
315 2314 453 2400 populos
481 2316 568 2378 inter
598 2336 634 2378 se
666 2314 841 2379 conciliare
874 2313 1020 2378 voluisse
1048 2313 1114 2377 iam
1145 2336 1244 2398 supra
1275 2313 1398 2378 dictum

223 2426 305 2486 est.
332 2472 337 2484 .
376 2420 536 2485 Conferas
572 2419 590 2506 ξ
618 2423 672 2485 17:
709 2427 793 2490 ἀλλὰ
826 2428 876 2489 δεῖ
905 2471 911 2484 .
939 2471 945 2483 .
971 2475 978 2489 .
1014 2426 1145 2500 ἐκείνους
1178 2428 1252 2502 τοὺς
1285 2426 1399 2513 λόγους

221 2533 329 2613 ζητεῖν,
356 2534 463 2609 οἵτινες
485 2538 529 2595 τὼ
552 2534 643 2596 πόλει
667 2533 764 2596 τούτω
788 2535 936 2596 πείσουσιν
959 2533 1144 2619 ἰσομοιρήσαι
1162 2533 1235 2618 πρὸς
1255 2532 1401 2613 ἀλλήλας

219 2641 270 2702 καὶ
300 2643 360 2715 τὰς
387 2642 552 2724 ἡγεμονίας
579 2639 747 2703 διελέσθαι.
804 2635 887 2698 Nam
921 2657 963 2698 ex
994 2632 1199 2697 dissensione
1225 2633 1398 2698 Graeciam
1445 2710 1449 2719 Ι

222 2763 348 2805 summa
377 2741 581 2806 incommoda
612 2763 729 2828 capere
758 2764 840 2827 pace
869 2740 1064 2805 Autalcidea
1094 2739 1304 2804 manifestum
1339 2750 1398 2805 est.

222 2846 343 2913 Contra
373 2848 450 2935 quid
480 2847 558 2912 boni
588 2847 726 2913 Graecis
758 2848 897 2928 accidat,
935 2849 962 2910 si
994 2845 1216 2933 principatum
1248 2844 1398 2910 dividant

221 2960 454 3041 certamenque
479 2955 597 3033 ineant,
630 2955 698 3018 utri
723 2954 882 3020 Graeciae
905 2952 979 3040 plus
1003 2952 1141 3038 prosint,
1171 2952 1255 3016 bello
1280 2953 1394 3016 Persa-

219 3085 292 3126 rum
316 3065 469 3148 cognosci
492 3084 598 3147 posse.

313 3169 463 3249 „Bellum
491 3169 675 3250 Persarum,
707 3170 820 3254 inquit,
852 3166 982 3252 gesturi
1010 3165 1150 3230 eundem
1179 3168 1319 3230 animum
1348 3166 1398 3228 in·

221 3278 308 3341 duite
343 3299 382 3340 ac
416 3285 526 3362 petros
563 3275 678 3357 vestri,
719 3275 824 3363 qualis
862 3275 891 3338 is
927 3275 1034 3352 fuerit,
1074 3295 1161 3337 nunc
1202 3272 1327 3336 audite:
1369 3277 1398 3340 οἱ

220 3387 249 3451 θ’
275 3391 413 3475 ἡμέτεροι
435 3389 571 3474 πρόγονοι
593 3389 644 3450 καὶ
667 3387 902 3472 Λακεδαιμόνιοι
933 3388 1100 3474 φιλοτίμως
1131 3386 1204 3469 πρὸς
1239 3384 1398 3464 ἀλλήλους

221 3493 307 3583 εἶχον,
332 3496 365 3558 ot
390 3497 447 3580 μήν
471 3496 554 3559 ἀλλὰ
577 3496 640 3580 περὶ
662 3495 834 3557 καλλίστων
858 3494 888 3557 ἐν
912 3494 1034 3567 ἐκείνοις
1057 3498 1123 3567 τοῖς
1149 3491 1265 3578 χρόνοις
1296 3490 1394 3579 ἐφιλο-

220 3605 350 3682 νίκησαν,
385 3602 439 3664 οὐκ
474 3602 603 3688 ἐχθροὺς
625 3595 697 3664 ἀλλ’
720 3600 950 3684 ἀνταγωνιστὰς
973 3606 1053 3686 σφᾶς
1077 3598 1189 3673 αὐτοὺς
1219 3594 1293 3660 εἶναι
1315 3598 1396 3682 νομί-

220 3711 335 3786 ζοντες,
361 3702 423 3771 οὐδ’
449 3709 495 3771 ἐπὶ
517 3709 643 3794 δουλεία
669 3714 705 3796 τῇ
729 3715 790 3768 τῶν
811 3705 969 3786 Ἑλλήνων
992 3708 1045 3768 τὸν
1076 3703 1226 3790 βάρβαρον
1254 3701 1396 3790 θεραπεύ-

221 3839 308 3892 οντες
339 3816 423 3879 ἀλλὰ
446 3817 509 3901 περὶ
534 3818 586 3900 μὲν
616 3821 676 3894 τῆς
702 3821 804 3894 κοινής
837 3815 987 3899 σωτηρίας
1022 3813 1227 3893 ὁμονοοῦντες,
1262 3810 1398 3896 ὁπότεροι

220 3925 256 3985 δὲ
280 3923 397 4002 ταύτης
421 3921 508 3985 αἴτιοι
531 3923 708 4006 γενήσονται
731 3921 795 4006 περὶ
817 3920 925 3983 τούτου
954 3918 1119 4004 ποιούμενοι
1147 3918 1203 3996 τὴν
1232 3914 1393 4003 ἅμιλλαν.“

311 4024 429 4109 Itaque
459 4024 634 4087 veritatem
662 4044 728 4084 non
756 4023 803 4084 ita
833 4041 952 4084 curans
983 4024 1147 4083 certamen
1176 4021 1265 4081 inter
1292 4017 1396 4083 Lace-

221 4131 408 4196 daemonios
435 4136 469 4194 et
484 4130 701 4194 Athenienses
719 4139 793 4192 ante
809 4125 968 4213 proelium
984 4125 1224 4190 Marathonium
1241 4129 1395 4188 exortum

222 4261 293 4303 esse
309 4249 428 4318 narrat,
456 4260 530 4301 cum
546 4237 579 4300 hi
596 4236 657 4300 soli
672 4259 731 4321 pro
748 4239 822 4298 tota
839 4234 977 4299 Graecia
993 4254 1148 4319 pugnare,
1171 4230 1219 4295 illi
1239 4229 1396 4294 adiuvare

223 4345 401 4410 voluerint:
429 4345 485 4408 87:
510 4351 588 4413 οὕτω
613 4341 715 4436 σφόδρ’
740 4345 927 4433 ἠπείχθησαν
950 4346 976 4409 οἱ
1000 4348 1052 4430 μὲν
1077 4349 1237 4430 μετασχεῖν
1255 4350 1315 4405 τῶν
1337 4365 1396 4405 κιν-
