3022 5032
674 324 715 386 21

589 413 802 423 —aa———a-

106 527 171 612 περὶ
194 528 234 588 τὰ
259 529 332 611 μέρη
356 524 517 611 διατρίβειν
540 519 594 582 vel
611 522 630 598 ἓ
647 519 690 582 66
715 525 865 599 ἅπαντας
878 526 931 610 μὲν
947 521 997 587 οὖν
1021 523 1189 611 ἐξαριδμῶν
1211 528 1284 600 τοὺς

105 632 262 708 κινδύνους
284 633 352 695 λίαν
377 632 413 693 ἂν
438 632 667 717 μακρολογοίην.
682 626 699 708 ¹)

201 752 266 831 Qui
289 773 366 816 vero
392 752 491 814 aitius
509 751 666 814 Isocratis
692 762 723 813 et
741 751 861 835 Lysiae
885 750 975 814 locos
999 750 1085 814 inter
1109 771 1144 812 se
1169 747 1285 813 cohae-

109 881 181 923 rere
212 863 339 944 putant,
372 879 413 921 ne
445 855 504 921 hos
537 856 667 942 quidem
697 857 832 941 Lysiam
861 858 1002 944 priorem
1033 878 1105 920 esse
1138 861 1286 919 statuere

108 987 244 1031 neeesse
270 969 332 1029 est.
378 964 463 1028 Nam
487 965 542 1050 qui
565 963 708 1047 Lysiam,
735 966 762 1027 si
785 962 875 1026 illam
898 963 1177 1048 vituperationem
1200 961 1287 1047 apud

55 1094 57 1120 ³
112 1074 292 1137 isocratem
307 1070 451 1155 legisset,
476 1092 542 1133 non
559 1075 626 1133 tam
642 1070 769 1133 fatuum
785 1070 931 1134 futurum
950 1069 1053 1132 fuisse
1078 1068 1286 1144 contendunt,

112 1187 151 1242 ut
172 1181 205 1242 in
228 1179 422 1264 pervulgata
453 1177 589 1240 materia
620 1176 790 1256 exultaret,
822 1175 902 1239 nihil
931 1175 1052 1239 dicunt.
1098 1175 1226 1240 Etenim
1254 1178 1288 1238 in

111 1286 257 1350 oratione
288 1285 541 1349 demonstrativa
571 1282 628 1346 illa
660 1282 834 1367 descriptio
870 1305 936 1346 non
970 1284 1015 1346 ita
1049 1282 1193 1346 absurda
1226 1293 1288 1346 est.

111 1393 215 1457 Immo
239 1392 392 1455 Dobreus
423 1390 486 1453 hoc
514 1391 587 1476 ipso
616 1389 687 1453 loco
719 1388 920 1475 epitaphium
948 1400 1023 1476 post
1053 1389 1290 1474 panegyricum

109 1500 269 1585 scriptum
291 1521 365 1561 esse
391 1498 615 1562 demonstrare
640 1499 815 1580 conatur.²)
864 1496 957 1576 Quae
982 1520 1054 1562 oum
1078 1499 1123 1560 ita
1147 1498 1223 1578 sint,
1248 1519 1289 1558 ne

109 1605 199 1669 hunc
224 1606 354 1690 quidem
378 1605 486 1669 locum
511 1605 686 1688 quicquam
710 1602 821 1667 valere
845 1604 1005 1667 videmus.

202 1730 295 1792 Idem
319 1752 397 1793 vero
430 1729 567 1792 iudicari
597 1750 733 1794 neeesse
765 1739 815 1792 est
848 1729 887 1791 de
921 1730 1017 1792 tertio
1041 1728 1162 1792 Blassii
1193 1751 1289 1813 argu·

110 1846 239 1900 mento:
263 1835 455 1918 Isocratem,
481 1858 555 1899 cum
579 1859 598 1898 a
621 1834 787 1921 prioribus
812 1834 940 1897 differre
964 1834 1118 1915 studeret,
1144 1834 1185 1897 de
1209 1836 1288 1897 viris

112 1953 182 2005 tum
205 1963 274 2005 rem
301 1941 466 2027 publicam
494 1942 688 2027 gerentibus
716 1941 818 2005 verba
848 1939 977 2005 fecisse.
1025 1940 1131 2019 Quam
1161 1951 1289 2026 partem

112 2049 201 2133 apud
216 2049 349 2133 Lysiam
367 2049 491 2117 deesse.
539 2050 635 2127 Quod
659 2059 886 2133 argumentum
911 2049 1052 2112 sirecte
1082 2069 1118 2110 se
1142 2046 1287 2123 haberet,

113 2159 336 2241 panegyricus
361 2158 460 2220 etiam
484 2167 559 2242 post
583 2156 786 2240 Hyperidem
810 2163 845 2217 et
868 2154 1126 2218 Demosthenem
1160 2176 1288 2240 compo—

112 2263 196 2326 situs
221 2274 320 2344 esset,
347 2264 435 2348 quod
458 2286 500 2324 ne
525 2261 558 2323 hi
583 2262 715 2346 quidem
746 2283 818 2325 eam
846 2283 915 2322 rem
947 2268 1098 2324 tractant.
1146 2260 1229 2323 Nam
1260 2262 1290 2323 ei

112 2379 179 2433 tum
210 2371 337 2434 demum
370 2372 418 2434 vis
451 2373 582 2450 inesset,
618 2371 646 2431 si
677 2368 935 2432 demonstratum
967 2378 1055 2431 esset
1084 2367 1227 2451 Lysiam,
1261 2369 1290 2430 si

108 2476 323 2554 adhibuisset,
349 2478 457 2540 facere
482 2498 546 2539 uon
571 2477 731 2560 potuisse,
758 2478 835 2561 quin
859 2498 931 2538 eam
959 2485 1083 2560 partem
1117 2496 1183 2536 una
1216 2496 1289 2536 cum

109 2585 216 2666 priore
242 2595 297 2644 aut
321 2586 501 2667 posteriore
527 2584 733 2646 exscriberet.
783 2582 879 2661 Quod
903 2584 975 2645 lieri
998 2606 1062 2645 non
1088 2591 1204 2667 potest.

203 2705 319 2790 ltaque
344 2705 406 2769 hoc
432 2728 562 2790 quoque
588 2705 815 2789 argumentum
838 2706 965 2770 nullum
990 2713 1050 2770 est.

198 2828 300 2893 Porro
318 2853 376 2893 cur
391 2829 435 2894 Ie.
455 2831 496 2894 74
513 2838 576 2922 περὶ
592 2835 632 2899 ὧν
656 2837 683 2900 οἱ
707 2837 842 2922 μάλιστα
864 2836 1049 2916 δυνηθέντες
1072 2845 1133 2899 τῶν
1157 2837 1286 2898 πολιτῶν

106 2942 196 3004 εἰπεῖν
220 2943 266 3005 ἐπὶ
288 2950 354 3018 τοῖς
376 2944 509 3031 δημοσία
532 2943 737 3031 θαπτομένοις
759 2944 908 3019 πολλάκις
932 2943 1081 3030 εἰρήκασιν
1106 2938 1147 3002 ad
1164 2937 1286 3022 Lysiae

109 3047 317 3129 potissimum
357 3045 556 3131 epitaphium
595 3049 769 3132 pertineat,
804 3044 997 3129 intellegere
1036 3068 1102 3109 non
1141 3069 1284 3131 possum.

109 3151 213 3216 Nemo
251 3154 334 3215 enim
364 3158 476 3216 orator
510 3156 543 3215 in
580 3152 734 3217 laudibus
769 3155 928 3216 maiorum
954 3153 1131 3216 Persalum
1165 3153 1287 3218 bellum

23 3288 28 3296 ·
107 3259 237 3322 silentio
254 3259 521 3344 praetermittere
537 3262 655 3344 potuit.
665 3259 690 3346 ³)
728 3259 891 3344 Equidem
909 3262 936 3322 si
954 3259 993 3323 de
1012 3266 1101 3324 certo
1120 3261 1285 3348 epitaphio

107 3365 251 3450 cogitare
277 3387 419 3449 cogerer,
452 3365 554 3430 multo
578 3368 695 3430 iustius
721 3365 879 3450 Gorgiam
907 3365 1085 3451 significari
1110 3367 1285 3447 crederem,

107 3474 163 3560 qui
188 3473 414 3559 copiosissime
440 3495 512 3536 eam
533 3475 704 3537 materiam
729 3473 894 3537 tractavit.

197 3599 280 3660 Nam
298 3599 478 3661 sententiae
495 3598 665 3682 utriusque
683 3598 821 3662 formam
840 3601 1063 3662 examinantes
1080 3598 1189 3663 facere
1220 3623 1285 3664 non

107 3727 293 3789 possumne,
329 3705 407 3790 quin
432 3706 628 3770 Isocrateam
658 3707 809 3791 priorem,
843 3707 1017 3790 Lysiaeam
1050 3706 1284 3791 amplificatam

199 3938 217 4002 ¹)
238 3936 272 3988 cf.
298 3939 312 4003 ᾗ
336 3936 382 3988 32:
418 3938 459 3990 καὶ
487 3936 535 4005 μὴν
563 3935 622 4004 ὅσης
644 3937 759 4006 προςήκει
786 3945 858 4006 τιμῆς
886 3939 1012 4006 τυγχάνειν
1048 3940 1103 3997 τοὺς
1137 3940 1284 4003 τηλικούτων

105 4025 209 4093 ἀναδῶν
229 4025 317 4086 αἰτίους
335 4025 458 4093 περίεργον
477 4029 610 4081 διδάσκειν.
663 4070 665 4074 ⁴

198 4115 219 4182 ²¹)
239 4114 401 4167 adversaria
419 4133 446 4182 p.
468 4116 509 4168 12.

197 4205 217 4266 ³)
238 4203 272 4257 cf.
295 4203 348 4257 Cic.
370 4202 415 4257 off.
441 4203 519 4256 118:
548 4204 647 4257 tritum
669 4204 749 4257 illum
773 4205 808 4259 de
832 4204 1001 4258 Marathone
1027 4220 1169 4272 campum:
1198 4203 1282 4257 Arist.

106 4293 179 4344 rhet.
200 4294 233 4359 ll,
253 4293 313 4355 22,ss
333 4300 386 4355 πῶς
405 4293 435 4347 ἂν
454 4293 591 4362 δυναίμεδα
615 4293 719 4349 ἐπαινεῖν
738 4300 797 4361 τοὺς
814 4294 968 4364 Ἀθηναίους,
989 4295 1009 4349 εί
1028 4299 1062 4362 μὴ
1082 4287 1178 4363 ἔχοιμεν
1196 4289 1283 4354 tivit

106 4385 226 4449 Σαλαμῖνι
244 4382 389 4450 ναυμαχίαν,
