3052 5160
744 292 764 356 8

172 514 261 556 more
286 511 355 555 'suo
391 488 579 554 memoriter
614 487 796 554 citavisset.
844 487 942 553 Nmre
978 491 1089 552 antem
1124 487 1157 552 id
1193 492 1340 553 statuere

173 584 326 662 rotamur
350 619 397 677 υυ,
423 596 510 684 quod
534 594 720 660 sententiae
745 594 793 658 illi
817 596 916 657 etiam
941 593 1011 657 aliis
1034 593 1115 657 loeis
1140 599 1340 661 occurrimus

173 704 260 768 velut
283 703 370 788 apud
385 703 571 787 Lycurgum
590 703 702 766 liooer.
727 701 787 766 50:
815 705 896 792 μόνοί
911 707 969 792 γὰρ
985 713 1044 767 τῶν
1061 707 1198 770 ἁπάντων
1214 709 1269 787 τὴν
1285 717 1343 788 τῆς

170 815 330 891 Ἑλλάδος
364 813 536 900 ἐλευδερίαν
571 814 601 876 ἐν
634 819 701 889 τοῖς
735 811 850 875 ἑαυτῶν
887 816 1020 899 σώμασιν
1059 809 1142 900 εἶχον·
1182 815 1246 900 ἅμα
1284 818 1341 902 γάρ

172 920 255 986 οὗτοί
277 946 312 985 τε
343 924 396 985 τὸν
419 902 482 1008 βίον
514 919 710 1007 μετήλλαξαν
737 921 788 984 καὶ
810 922 851 981 τὰ
874 926 928 998 τῆς
949 917 1109 995 Ἑλλάδος
1133 920 1176 996 είς
1202 923 1343 986 δουλείαν

176 1034 344 1115 μετέπεσεν·
403 1029 554 1114 συνετάφη
590 1029 647 1114 γάρ
682 1034 747 1103 τοῖς
780 1026 894 1090 τούτων
929 1030 1062 1112 σώμασιν
1091 1029 1110 1106 ἡ
1145 1036 1205 1090 τῶν
1240 1027 1343 1093 ἄλλων

169 1135 329 1217 Ἑλλήνων
353 1135 516 1221 ἐλευδερία·
556 1128 723 1194 Demosth.
747 1130 821 1215 opit.
840 1129 897 1190 24:
916 1178 921 1191 .
941 1178 971 1192 ..
996 1136 1015 1212 ἡ
1038 1135 1135 1196 τῶνδε
1151 1143 1211 1196 τῶν
1228 1135 1342 1222 ἀνδρῶν

173 1244 264 1330 ἀρετὴ
284 1251 342 1324 τῆς
355 1238 514 1317 Ἑλλάδος
529 1239 565 1321 ἧν
581 1242 660 1328 ψυχὴ
680 1241 820 1321 τάληθὲς
835 1241 927 1303 εἰπεῖν
953 1240 1018 1326 ἅμα
1033 1244 1091 1327 γάρ
1115 1244 1155 1303 τά
1175 1242 1339 1307 τετούτων

171 1351 327 1437 πνεύματα
357 1350 519 1432 ἀπηλλάγη
550 1357 609 1411 τῶν
641 1349 753 1412 οἰκείων
784 1349 933 1433 σωμάτων
962 1348 1014 1411 καὶ
1044 1349 1079 1410 τὸ
1103 1356 1160 1427 τῆς
1181 1348 1340 1426 Ἑλλάδος

172 1458 289 1544 ἀξίωμα
312 1457 464 1544 ἀνῄρηται·

177 1615 179 1619 ,
262 1560 338 1624 Hue
362 1557 499 1639 aceedit,
533 1558 620 1644 quod
645 1557 776 1621 Dobreo
808 1555 985 1621 oonoedere
1010 1554 1165 1620 debemus
1189 1557 1273 1621 illud
1296 1565 1341 1626 ἐπὶ

173 1680 216 1757 τῷ
247 1673 335 1759 τάφῳ
353 1680 412 1756 ,τῷ
442 1678 502 1733 τῶν
526 1671 557 1733 ἐν
585 1670 734 1755 Σαλαμῖνι
761 1669 1008 1748 τελευτησάντων
1038 1663 1128 1727 nullo
1157 1665 1252 1727 modo
1277 1688 1341 1728 rne-

172 1772 293 1837 moriae
316 1772 411 1859 lapsu
435 1782 539 1837 ortum
564 1793 645 1836 esse.
690 1772 773 1834 Nam
797 1781 830 1834 ut
853 1769 1069 1834 Aristotelem
1093 1770 1249 1835 fefellerit
1272 1772 1342 1858 Ly-

175 1882 267 1948 siam,
288 1879 328 1942 de
353 1881 458 1944 eaesis
482 1879 516 1942 in
539 1877 752 1964 Hellesponto
777 1876 873 1964 loqui,
899 1877 1060 1962 quomodo
1083 1900 1229 1964 pugnam
1250 1877 1342 1944 Sala-

173 1989 304 2050 miniam
340 2008 428 2052 oum⁸
444 1984 596 2050 libertate
631 1984 759 2071 sepulta
789 1983 984 2068 coniungere
1002 1985 1145 2071 potuit?
1179 1985 1342 2072 Equidem

172 2092 381 2158 Aristotelem
407 2093 524 2178 optime
542 2092 620 2177 quid
644 2091 803 2156 scriberet
818 2090 1053 2155 deliberavisse
1071 2092 1178 2156 eredo.
1226 2093 1343 2178 ltaque

176 2201 288 2274 loeum
310 2209 499 2287 eorruptum
524 2221 597 2264 esse
621 2198 775 2264 Dobreus
800 2209 831 2263 et
855 2197 1017 2284 Sauppius
1041 2205 1183 2264 monent.
1231 2201 1343 2288 Atque

173 2307 257 2372 illud
280 2314 311 2376 ἐν
334 2312 441 2398 Λαμία
457 2309 528 2371 'iam
552 2330 572 2370 a
594 2306 728 2372 Lebello
745 2306 981 2392 repudiatum)
1005 2305 1146 2370 maxime
1163 2314 1343 2394 propteroa

173 2438 238 2479 non
262 2414 380 2500 planet,
406 2414 493 2499 quod
521 2413 731 2476 vehementer
763 2412 873 2477 dubito
897 2435 940 2477 an
963 2435 1028 2476 non
1051 2417 1198 2499 potnerit
1220 2418 1343 2482 Aristo-

173 2522 255 2587 teles
280 2544 352 2586 eam
375 2543 519 2607 pugnam
536 2543 799 2585 commemorare.
847 2520 927 2583 Nam
946 2520 1006 2584 etsi
1023 2526 1110 2603 sunt,
1136 2522 1192 2606 qui
1209 2527 1344 2589 tertium

172 2631 289 2695 librum
314 2628 494 2693 rhetoricae
519 2627 664 2714 spurium
680 2626 833 2709 iudicent,
858 2638 966 2690 tamen
983 2651 1000 2689 a
1017 2627 1130 2692 multis
1147 2629 1342 2715 elefenditur,

173 2759 278 2824 neque
306 2737 467 2800 infirmam
499 2737 719 2799 coniecturam
744 2734 868 2799 infirmo
893 2734 1102 2798 fundamento
1126 2736 1184 2800 niti
1208 2749 1341 2823 oportet.

263 2860 331 2926 Sed
357 2885 399 2924 ne
425 2862 674 2945 grammaticum
707 2860 839 2946 quidem
862 2859 1083 2944 Byzantinum
1106 2864 1175 2924 tam
1197 2862 1342 2950 ineptum

171 2967 275 3032 fuisse
300 2978 389 3054 puto,
407 2979 441 3031 ut
465 2973 622 3060 ἐλευθερία
645 2975 679 3032 et
702 2972 794 3060 ἀρετῇ
811 2966 975 3030 addrutus
993 2965 1073 3030 illud
1088 2981 1131 3057 τῷ
1149 2974 1179 3036 ἐν
1195 2975 1344 3060 Σαλαμῖνι

171 3075 296 3140 ratione
322 3076 504 3139 sententiae
528 3097 592 3139 non
616 3073 728 3137 habita
752 3072 893 3138 adderet.
941 3073 1038 3136 Licet
1062 3075 1128 3137 sint
1152 3076 1343 3143 stultissimi

172 3189 207 3244 et
229 3181 341 3265 nescii,
373 3203 517 3269 pugnam
547 3181 755 3247 Salaminiam
785 3180 945 3245 libertatis
978 3205 1042 3245 non
1072 3181 1169 3246 funus
1199 3183 1257 3247 sed
1282 3189 1341 3248 ori-

172 3289 280 3373 ginem
304 3289 406 3352 fuisse
431 3294 522 3354 certe
547 3290 701 3354 sciebant.
1011 3285 1013 3288 ’

261 3394 461 3461 Οίπνὶεείιυίε
486 3418 527 3461 ex
550 3398 719 3460 sententiis
745 3395 831 3460 illius
848 3398 962 3459 aetatis
986 3417 1052 3459 una
1075 3395 1175 3460 fuisse
1199 3397 1339 3474 videtur,

172 3526 254 3589 quae
269 3504 362 3568 velut
376 3502 457 3567 illud
472 3509 581 3586 ζεύξας
598 3511 650 3595 μὲν
666 3511 719 3572 τὸν
729 3507 963 3589 Ἑλλήσποντον,
981 3508 1120 3593 διορύξας
1135 3511 1171 3572 δὲ
1187 3513 1239 3573 τὸν
1249 3508 1339 3574 ”nt-‹1›

170 3610 225 3674 vel
253 3633 305 3675 υα·
333 3632 369 3675 αι
393 3632 476 3676 anno
499 3613 660 3691 dereptam
689 3613 804 3673 iterum
836 3620 930 3696 atque
959 3612 1074 3673 iterum
1098 3613 1339 3696 repetebantur.

170 3716 223 3782 Ae
240 3720 265 3780 si
283 3740 421 3802 usquam
441 3728 532 3781 eante
551 3719 591 3782 de
615 3716 733 3782 talibus
758 3717 840 3781 loeis
866 3716 1076 3781 iudicandum
1101 3729 1159 3797 est,
1185 3722 1216 3781 in
1242 3722 1340 3805 epita-

169 3825 255 3910 pbiis
277 3847 400 3888 summa
421 3825 597 3910 prudentia
614 3847 696 3911 opus
720 3829 781 3888 est.
826 3825 959 3888 Etenim
984 3847 1058 3887 oum
1083 3829 1283 3890 recentiores
1308 3827 1339 3890 id

169 3933 321 4003 manime
339 3942 485 4010 caveant,
515 3955 555 3996 no
588 3932 666 4016 quid
695 3931 800 3996 simile
825 3954 899 3995 eum
927 3931 1091 4017 prioribus
1115 3931 1261 3998 habeant
1284 3957 1339 3998 no-

169 4061 310 4122 vumque
338 4061 415 4102 suae
432 4040 512 4102 amis
530 4037 779 4101 fundamentum
796 4040 902 4102 iaoere
920 4038 1081 4119 studeant,
1105 4045 1238 4104 veteres
1257 4063 1339 4125 quae

169 4144 251 4208 bene
283 4165 303 4208 a
333 4143 495 4229 prion'bus
524 4144 609 4207 faeta
634 4156 688 4207 ant
712 4144 801 4208 diota
825 4154 930 4221 erant,
955 4144 1061 4229 palam
1085 4167 1249 4232 usurpare
1274 4169 1338 4210 non

258 4341 279 4424 η’
298 4353 394 4408 aaran
413 4353 505 4408 anna.
526 4353 595 4407 isse
610 4355 681 4407 am.
701 4353 763 4431 aa„
