3022 5032
716 309 928 409 ,ἒὲ-

238 517 345 564 autem
377 501 449 564 fieri
477 502 627 566 Blassius
660 506 837 582 existimat,
872 516 908 568 ut
936 505 1024 594 apud
1056 505 1239 570 Isocratem
1270 505 1341 591 (97)
1374 529 1416 572 ea

239 607 474 693 vituperentur:
503 616 649 692 καὶτοὺς
673 617 726 700 μὲν
756 615 904 702 θορύβους
926 621 1000 694 τούς
1030 619 1061 681 ἐν
1084 627 1127 702 τῷ
1151 620 1305 704 πράγματι
1328 642 1415 701 γενο-

240 723 348 804 μένους
376 722 427 783 καὶ
454 724 514 798 τὰς
540 724 676 808 κραυγὰς
703 723 754 784 καὶ
781 725 841 799 τὰς
864 725 1107 809 παρακελεύσεις,
1138 726 1159 787 ά
1181 728 1267 788 κοινά
1295 728 1414 789 πάντων

237 827 301 889 ἐστὶ
322 835 383 890 πῶν
406 828 645 914 ναυμαχούντων,
671 829 725 892 ούκ
748 825 802 892 οἵδ’
829 830 886 906 dm
909 832 959 894 δεῖ
978 829 1110 916 λέγοντα
1133 832 1306 918 διατρίβειν.

329 930 359 993 3.
384 929 597 1016 Paragrapho
632 931 672 993 14
701 931 881 996 Isocratem
910 932 1006 996 aliter
1033 955 1102 997 rem
1131 956 1167 997 se
1197 940 1412 1000 tractaturum

241 1057 315 1099 esse
339 1036 518 1121 pollicitum
543 1059 581 1100 ao
604 1039 730 1123 priores
753 1038 961 1125 paragrapho
987 1039 1028 1103 75
1046 1061 1157 1104 eorum
1181 1044 1325 1105 virorum
1350 1043 1415 1106 lau-

239 1143 299 1206 des
316 1143 476 1229 proferre,
502 1142 558 1229 qui
574 1143 727 1230 aequales
752 1144 870 1208 virtute
888 1146 1087 1210 erudiverint
1111 1148 1201 1211 etad
1217 1148 1415 1212 clarissimas

240 1251 396 1313 viatorias
420 1250 593 1314 Persarum
617 1251 705 1315 bello
729 1262 841 1336 partas
863 1253 1059 1338 aptaverint.
1108 1254 1216 1339 Atque
1240 1253 1327 1338 apud
1350 1255 1414 1337 Ly-

239 1358 324 1421 siam
348 1357 478 1442 quidem
502 1379 573 1422 eam
597 1368 724 1443 partem
747 1381 812 1423 non
837 1359 987 1423 inveniri.
1023 1360 1106 1423 Tum
1132 1382 1210 1440 yero
1234 1342 1414 1423 Isoeratem

238 1472 440 1548 postremum
465 1486 501 1527 se
519 1464 562 1528 ad
584 1488 653 1528 rem
677 1467 859 1528 accessisse
883 1467 992 1551 ipsum
1017 1463 1127 1528 dicere
1152 1467 1169 1548 ξ
1194 1467 1253 1529 74:
1282 1471 1413 1556 χαλεπόν

241 1575 322 1637 ἐστιν
345 1575 478 1638 ὕστατον
502 1576 671 1638 ἐπελθόντα
698 1579 798 1661 λέγειν
826 1578 888 1662 περὶ
920 1579 1104 1662 πραγμάτων
1135 1579 1230 1639 πάλαι
1259 1598 1413 1662 προκατει-

239 1683 410 1767 λημμένων·
462 1676 528 1756 Qui
559 1687 667 1741 autem
700 1701 736 1741 se
771 1687 915 1755 excuset
949 1679 1058 1764 ipsum
1087 1699 1122 1741 se
1146 1677 1223 1741 furti
1247 1699 1414 1742 accusare.

241 1782 341 1868 Apud
365 1783 502 1868 Lysiam
524 1784 605 1848 nihil
628 1785 693 1848 tale
716 1785 801 1869 legi3
828 1808 904 1869 ergo
928 1784 1070 1871 priorem
1095 1807 1178 1849 esse.

331 1891 360 1953 4.
385 1890 561 1955 lsooratem
592 1914 667 1955 oum
696 1893 786 1955 dieat
817 1894 836 1970 ξ
862 1893 919 1954 74ε
953 1899 1015 1982 περὶ
1046 1895 1086 1959 ὧν
1114 1897 1141 1959 οἱ
1170 1898 1305 1982 μάλιστα
1328 1898 1415 1974 δυνη-

242 2001 352 2078 θέντες
374 2011 434 2065 τῶν
457 2004 586 2066 πολιτῶν
610 2004 697 2067 εἰπεῖν
722 2004 767 2066 ἐπὶ
790 2010 855 2078 τοῖς
878 2005 1011 2088 δημοσία
1039 2003 1242 2088 θαπτομένοις
1271 2004 1420 2078 πολλάκις

157 2139 163 2157 ·
244 2109 404 2194 εἰρήκασιν,
440 2104 624 2189 significare
656 2105 777 2189 Lysiae
815 2104 1029 2190 epitaphium,
1063 2106 1118 2187 qui
1151 2103 1169 2186 ξ
1202 2106 1220 2166 2
1256 2104 1295 2167 de
1328 2117 1419 2172 ποιεῖν

243 2217 419 2302 δυναμένοις
442 2218 493 2279 καὶ
515 2224 581 2293 τοῖς
603 2218 690 2280 εἰπεῖν
714 2216 912 2303 βουληθεῖσιν
926 2210 1087 2297 loquatur.

333 2317 363 2384 ὃ.
388 2318 521 2402 Lysiam
537 2319 630 2382 initio
656 2318 809 2404 epitaphii
827 2329 970 2380 mortuos
993 2340 1053 2402 pro
1074 2318 1198 2379 virtute
1224 2316 1306 2380 satis
1323 2339 1418 2402 prae-

245 2424 348 2490 dloari
379 2448 443 2488 non
472 2448 570 2511 posse
601 2425 711 2488 dicere
744 2425 870 2508 absque
904 2423 1106 2487 auditoribus
1138 2423 1268 2487 veniam
1298 2435 1418 2509 petere,

245 2533 333 2620 quod
368 2534 464 2619 pauoi
497 2531 566 2595 dies
601 2555 621 2594 a
655 2529 782 2593 oivibus
817 2529 858 2592 ad
888 2528 1109 2593 meditandam
1147 2529 1324 2594 orationem
1356 2530 1418 2594 sibi

245 2640 311 2705 dati
328 2642 408 2703 sint:
433 2645 458 2707 εἰ
474 2645 527 2728 μὲν
550 2643 683 2729 ἡγούμην
707 2638 817 2705 οἷόντε
834 2638 908 2704 εἶναι
932 2681 936 2692 ·
961 2681 966 2692 ·
990 2681 996 2692 ·
1019 2643 1102 2725 λόγῳ
1120 2643 1258 2720 δηλῶσαι
1280 2643 1336 2721 τὴν
1358 2651 1418 2704 τῶν

246 2753 358 2817 ἐνθάδε
382 2750 521 2836 κειμένων
538 2752 646 2837 ἀρετὴν
671 2791 675 2801 ·
700 2790 705 2801 ·
729 2799 735 2814 .
759 2752 811 2813 brol
834 2757 925 2813 τοῦτο
948 2751 1000 2812 καὶ
1023 2752 1041 2829 ἡ
1065 2751 1151 2825 πόλις
1176 2772 1225 2834 μοι
1248 2751 1334 2812 δοκεῖ
1356 2789 1359 2798 ·
1384 2788 1389 2797 ·
1414 2787 1418 2796 ·

247 2860 279 2936 ἐξ
302 2860 404 2943 ὀλίγου
428 2861 483 2939 τὴν
506 2858 664 2945 πρόσταξιν
686 2857 842 2921 ποιεῖσθαι·

247 3026 249 3030 ,
336 2963 516 3025 lsoeratem
544 2970 656 3025 eontra
680 2959 698 3043 ξ
725 2960 765 3023 13
788 2981 854 3023 non
879 2958 983 3022 solum
1013 2980 1068 3021 eas
1094 2959 1320 3022 exeusationes
1344 2953 1416 3018 illu-

248 3068 333 3151 dere,
359 3066 532 3131 sedetiam
557 3065 634 3150 §14
659 3088 770 3130 omnes
794 3067 919 3150 priores
945 3087 980 3129 se
1004 3072 1233 3150 superaturum
1257 3083 1329 3127 esse
1348 3081 1417 3142 pro-

248 3178 390 3239 mittere:
415 3182 488 3255 τοὺς
512 3180 638 3264 μὲνγὰρ
655 3177 771 3253 άλλυυς
794 3178 825 3240 ἐν
847 3185 913 3252 τοῖς
935 3179 1096 3262 προοιμίοις
1120 3178 1177 3262 ὁρῶ
1200 3171 1420 3261 καταπραύνον-

248 3309 307 3362 τας
329 3289 402 3363 τοὺς
425 3287 580 3373 ἀκροατὰς
594 3287 645 3348 καὶ
667 3285 940 3373 προρασιζομένους
956 3286 1024 3369 ὑπὲρ
1048 3293 1108 3347 τῶν
1133 3284 1306 3367 μελλίντων
1331 3281 1421 3366 ῥηθή-

250 3394 358 3457 σεσθαι
385 3396 436 3458 καὶ
462 3396 613 3480 λέγοντας
639 3397 713 3468 τοὺς
741 3395 793 3476 μὲν
822 3396 864 3467 ὡς
892 3392 924 3466 ἐξ
952 3393 1089 3474 ὑπογυίου
1118 3392 1240 3475 γέγονεν
1269 3388 1374 3461 αὐτοῖς
1403 3388 1422 3465 ἡ

250 3504 431 3587 παρασκευή,
456 3505 529 3577 τοὺς
544 3495 573 3564 δ’
591 3505 633 3576 ὡς
648 3501 780 3587 χαλεπόν
804 3499 883 3561 ἐστιν
898 3495 983 3572 ἴσους
1005 3500 1074 3571 τοὺς
1097 3497 1209 3578 λόγους
1231 3503 1274 3578 τῷ
1299 3492 1424 3578 μεγέθει

250 3619 311 3673 τῶν
333 3607 425 3694 ἔργων
449 3609 583 3694 ἐξευρεῖν.
752 3598 756 3609 ’

342 3711 435 3790 Quae
460 3710 615 3774 Lebellns
645 3721 812 3793 praeterea
837 3707 939 3782 affert,
970 3710 1008 3768 ut
1029 3705 1163 3787 Lysiam
1196 3701 1422 3788 simpliciorem

252 3819 504 3902 brevioremque
540 3839 612 3881 esse
644 3816 859 3891 demonstret,
893 3812 1014 3875 nullius
1051 3811 1203 3874 momenti
1235 3831 1307 3874 esse
1346 3807 1425 3872 mihi

253 3925 414 3990 videntur.
470 3925 585 4008 ltaque
615 3921 765 4008 exempla
793 3920 881 4006 apud
911 3918 1020 4004 ipsum
1051 3917 1192 3982 evolvas.
1238 3917 1306 3981 Illis
1340 3918 1424 3980 enim

256 4032 373 4110 causis,
398 4032 590 4096 brevitatem
607 4038 638 4091 et
654 4028 890 4113 simplieitatem
908 4024 990 4102 dieo,
1017 4024 1235 4110 comprobare,
1262 4035 1334 4088 utro
1351 4023 1422 4087 loeo

254 4139 356 4203 verba
379 4139 473 4202 initio
496 4137 632 4201 inventa
656 4137 728 4216 sint,
759 4132 985 4198 difficillimum
1010 4143 1068 4213 est,
1102 4132 1164 4197 nisi
1188 4155 1229 4195 ex
1253 4132 1424 4194 sententia-

256 4270 328 4311 rum
352 4269 440 4311 nexu
463 4255 565 4309 totmn
589 4245 787 4307 enuntiatum
811 4240 1057 4327 pessumdatum
1082 4262 1155 4304 esse
1179 4238 1266 4318 apud
1290 4237 1426 4300 alterum

257 4376 364 4440 neque
387 4355 421 4417 in
445 4362 670 4436 argumentum
695 4349 813 4413 eadere
838 4360 982 4434 apparet.
