3022 5032
744 311 765 374 4

648 400 862 413 m

256 507 285 573 2,
308 504 462 571 Alteram
488 528 632 592 eausam,
661 527 721 571 eirr
744 505 931 594 epitaphius
955 507 1080 594 Lysiae
1104 531 1169 574 non
1194 510 1245 591 sit,
1274 508 1340 573 Ek-

166 610 279 676 kertus
310 608 579 694 Valkenaerium,
612 612 797 695 Damnum,
829 614 1067 679 Hoelseherum
1097 619 1233 679 secutus
1264 615 1340 679 inde

166 716 303 804 repetit,
341 719 427 807 quod
456 720 610 785 orationis
643 730 757 784 aur-tor
789 743 893 805 paene
920 720 1040 807 hospes
1075 722 1117 787 sit
1146 725 1178 786 in
1207 725 1340 785 istorum

167 835 351 911 temporum
376 826 512 891 historia
523 830 554 908 ¹),
579 826 674 891 velut
698 830 814 895 ἔστειλε
837 835 1023 914 πεντήκοντα
1040 837 1189 921 μυριάδας
1211 854 1275 895 neu
1299 830 1342 893 nd

166 930 312 997 Xerxem
345 933 477 1015 referat,
511 933 569 996 sed
593 933 634 997 ad
657 934 840 1019 Darium2),
870 934 952 999 falso
976 935 1235 1022 Peloponnesios
1265 940 1341 1001 ante

166 1062 309 1124 pugnam
345 1040 573 1105 Plataeensem
606 1063 733 1104 numum
766 1041 798 1105 iu
833 1041 952 1106 Isthmo
984 1041 1208 1107 aedificavisse
1245 1046 1339 1122 ‹lu-m,

168 1148 223 1233 qui
247 1149 318 1233 ipse
344 1146 542 1234 Thrasybuli
567 1148 711 1212 reditum
735 1147 921 1234 bellumque
939 1147 1185 1212 Corinthiacum
1210 1151 1339 1227 viderit,

166 1253 260 1318 aliter
283 1253 341 1318 illa.
364 1254 452 1319 taeta
476 1277 611 1319 narrare
637 1253 763 1336 debeat,
789 1255 861 1320 aliu.

256 1379 286 1442 3.
313 1379 461 1442 Tertium
486 1377 625 1460 aeeedit,
656 1379 743 1456 qued
765 1401 880 1463 parum
911 1384 999 1442 eerto
1029 1379 1093 1443 diei
1123 1383 1241 1465 potest.⁷
1277 1405 1339 1463 quo

168 1508 252 1550 anno
277 1487 380 1550 oratio
409 1486 521 1550 habita
553 1487 602 1550 sit.
656 1479 766 1570 “taque
791 1485 1089 1573 Sehoenhorniusi)
1119 1509 1239 1550 annum
1263 1489 1338 1568 337,

168 1592 397 1678 Kruegerus4)
431 1595 494 1657 393
524 1593 785 1679 postutavoruut.
832 1593 939 1658 lte-ete
968 1605 1076 1657 autem
1099 1594 1260 1659 Echemus
1285 1595 1339 1656 ‹lo-

167 1704 328 1765 monstrat
351 1702 383 1763 in
409 1699 532 1764 nullum
554 1701 655 1764 totius
679 1700 756 1764 helii
781 1724 900 1765 annum
934 1700 1135 1787 epitaphium
1169 1701 1339 1786 quadrare.

256 1828 285 1890 4.
311 1827 472 1906 Quartam
509 1848 642 1890 sarisam
678 1828 811 1913 protulit
847 1827 931 1891 idem
967 1827 1018 1892 ille
1055 1827 1339 1912 Vallzenautusp:

171 1935 273 2014 „Quis
310 1933 543 2000 recitavisset?
595 1934 671 2000 Non
708 1935 865 2020 Lysiasi'*
921 1934 1085 2000 Admonet
1116 1935 1269 1998 Dobreus
1301 1936 1340 1997 do

168 2042 270 2106 Thus.
290 2042 324 2104 H
342 2043 394 2123 34,
411 2041 560 2105 Platonis
577 2042 758 2106 Menexeuo
776 2044 839 2105 234
861 2043 894 2122 o,
912 2041 1135 2105 Doumstheue
1152 2041 1206 2126 tite
1223 2065 1342 2107 corona

167 2173 197 2234 p.
217 2150 282 2213 320
294 2148 347 2232 R),
374 2150 492 2234 quibus
514 2149 594 2212 loeis
612 2147 702 2213 rives
727 2160 850 2212 tantum
876 2148 1075 2212 elarissimos
1098 2148 1183 2212 illius
1209 2149 1342 2213 honoris

167 2254 348 2342 participes
384 2257 487 2320 fuisse
525 2256 730 2342 apparenti)
781 2255 918 2341 Lysiam
954 2277 1031 2319 vero
1067 2277 1107 2319 ue
1144 2256 1175 2319 id
1211 2257 1342 2342 quidem

157 2374 356 2435 assecutum
381 2386 465 2445 esse,
498 2374 534 2426 ut
558 2365 690 2428 civitate
715 2363 902 2428 donaretur.
948 2363 1033 2426 Eum
1058 2373 1164 2426 autem
1196 2386 1253 2448 pro
1279 2364 1342 2429 alio
1371 2357 1373 2361 ¹

172 2473 243 2535 eive
267 2471 444 2535 orationem
476 2469 700 2556 composuisse
729 2469 801 2535 ideo
834 2470 1011 2533 verisimile
1045 2494 1109 2535 nou
1140 2494 1222 2552 esse,
1257 2472 1343 2557 quod

169 2576 372 2642 hauddubie
390 2576 613 2640 Athenienses
639 2599 723 2658 eum,
750 2579 802 2640 eui
825 2575 963 2640 alterius
989 2576 1108 2642 :uixilio
1135 2601 1217 2662 opus
1242 2585 1340 2656 esset,

169 2706 233 2748 non
259 2686 463 2749 oreavissent
487 2683 701 2767 oratoromfi)

259 2810 287 2873 ἶ).
312 2809 435 2874 Restat
469 2809 549 2873 illud
579 2812 823 2894 gravissimum:
860 2810 919 2891 „in
952 2811 1111 2874 Isocratis
1147 2813 1341 2896 panegyrico

170 2916 313 3004 piurima
337 2920 415 2980 sunt
437 2938 574 3003 prorsus
600 2916 748 2980 similia.“
795 2916 1021 2999 ⁷‚Proba-hilius
1043 2918 1181 2982 [socrati
1202 2918 1341 2979 tirratum

171 3047 244 3088 esse
274 3023 465 3110 sophistam,
501 3047 598 3108 quam
624 3025 744 3109 Lysiae
775 3024 965 3106 Isocratem,
1002 3024 1159 3110 imprimis
1189 3047 1262 3087 eum
1289 3024 1342 3086 hio

170 3131 360 3218 profiteatur
384 3154 420 3196 se
446 3130 578 3196 diversa
601 3131 797 3196 traditurum
820 3156 839 3194 a
863 3131 1044 3217 prioribus,
1076 3154 1182 3218 neque
1207 3131 1277 3196 eius
1304 3133 1343 3193 sit

170 3261 242 3304 mos
266 3238 349 3303 alios
366 3238 619 3324 describente)
664 3238 777 3305 Nullis
795 3241 903 3303 causis
919 3239 1055 3326 prolatis
1073 3243 1133 3302 iam
1152 3240 1308 3304 Reishius
1322 3243 1345 3324 ς’)

171 3344 274 3407 simile
300 3348 474 3409 statuerat:
518 3345 629 3427 „Haeo
663 3351 812 3436 ῥητορεία,
844 3345 963 3431 inquit,
997 3346 1128 3408 scholae
1156 3346 1344 3410 Isoermeae

170 3452 310 3538 pyxides
335 3451 488 3516 redolens
514 3455 600 3517 ete.“
648 3451 842 3539 Conrplures
866 3462 975 3514 tamen
999 3451 1153 3514 Dobreus
1179 3452 1299 3514 attulit:

264 3665 282 3732 ¹)
304 3664 468 3717 adversaria
486 3683 512 3733 p.
535 3666 576 3719 18.

262 3755 282 3822 12)
302 3752 368 3821 epit.
389 3755 431 3806 21.

263 3845 283 3908 ²¹)
303 3842 400 3909 Pregr.
422 3842 523 3896 thiben
543 3844 619 3896 1333.

262 3933 283 3996 4)
303 3930 457 4000 Hist-phil.
478 3932 555 3985 Stud.
575 3951 603 4000 p.
623 3933 683 3985 233.

264 4022 283 4089 5)
303 4021 387 4089 apud.
406 4021 493 4074 Dobr.
513 4021 576 4075 adv.
596 4041 622 4090 p.
643 4022 668 4074 e.

262 4112 283 4178 ⁴⁵)
303 4110 339 4165 ef.
358 4109 446 4183 Meier
465 4108 521 4162 ind.
542 4111 607 4165 leet.
628 4111 700 4177 Hali.
722 4111 801 4167 1837.

263 4201 284 4266 7)
306 4199 457 4254 ettamen
476 4199 622 4253 [rebellum
640 4220 667 4269 p.
687 4200 729 4253 36.

263 4292 283 4357 ⁸)
303 4289 385 4359 Apud
405 4289 490 4343 Dobr.
512 4289 575 4343 adv.
594 4308 622 4358 p.
642 4290 666 4341 o.

268 4379 289 4448 9)
309 4378 375 4432 edit.
395 4380 461 4432 tom.
482 4379 513 4433 V.
532 4398 560 4448 p.
580 4380 614 4431 tr
634 4381 728 4434 annot.
749 4380 791 4433 23.
