3022 5032
692 290 734 354 31

120 495 175 556 διὰ
202 495 257 572 τὴν
285 501 347 554 τῶν
373 491 524 577 προγόνων
551 500 611 553 τῶν
638 493 791 577 ἡμετέρων
823 491 933 576 ἀρετὴν
961 491 1055 566 ούτως
1082 486 1159 576 εἶχεν
1187 489 1218 552 αἱ
1245 497 1299 569 τῆς

120 600 238 674 πόλεως
261 600 408 686 συμφοραὶ
436 606 542 687 σαφῶς
565 597 727 674 ἐπέδειξαν·
772 598 838 683 άμα
865 599 922 683 γὰρ
945 599 1030 683 ἡμεῖς
1057 619 1093 660 τε
1115 604 1174 675 τῆς
1203 597 1299 683 ἀρχῆς

125 706 377 792 ἀπεστερούμεθα
400 706 451 768 καὶ
473 712 540 781 τοῖς
548 704 696 785 Ἕλλησιν
720 707 796 793 ἀρχὴ
820 713 881 768 τῶν
902 712 1004 767 κακῶν
1028 705 1173 790 ἐγίγνετο.
1220 706 1299 788 μετὰ

122 819 180 902 γὰρ
193 816 260 904 ,τὴν
289 814 319 875 έν
340 810 560 896 Ἑλλησπόντῳ
588 815 749 899 γενομένην
778 813 903 898 ἀτυχίαν
931 809 1039 897 ἑτέρων
1062 811 1216 896 ἡγεμόνων
1244 832 1299 874 κα·

121 923 305 985 ταστάντων
334 920 471 997 ἐνίκησαν
495 920 549 1004 μὲν
577 919 604 982 οἱ
632 917 777 1004 βάρβαροι
804 925 1037 1005 ναυμαχοῦντες,
1067 915 1159 1003 ἧρξαν
1181 919 1218 979 δὲ
1241 925 1300 996 τῆς

127 1027 300 1106 θαλάττης,
324 1027 474 1111 κατέσχον
496 1026 533 1086 δὲ
556 1028 616 1101 τὰς
638 1026 785 1100 πλείστας
807 1033 869 1086 τῶν
892 1021 997 1103 νησων,
1021 1023 1176 1108 ἀπέβησαν
1199 1017 1228 1085 δ’
1254 1023 1300 1098 εἰς

125 1135 180 1213 τὴν
201 1133 388 1212 Λακωνικήν,
421 1131 550 1216 Κύθηρα
581 1133 619 1194 δὲ
641 1135 724 1195 κατὰ
751 1133 865 1217 κράτος
893 1126 987 1204 εἷλον,
1021 1131 1141 1194 άπασαν
1173 1131 1209 1192 δὲ
1243 1132 1299 1208 τὴν

130 1239 355 1318 Πελοπόννησον
377 1246 482 1314 κακῶς
504 1245 659 1313 ποιοῦντες
681 1239 901 1324 περιέπλευσαν.

213 1340 389 1406 Praeclare
414 1339 464 1402 his
488 1338 597 1402 verbis
626 1349 780 1424 tempora,
815 1339 932 1424 quibus
957 1339 1160 1424 principatus
1197 1359 1297 1422 penes

124 1447 346 1512 Athenienses
371 1457 449 1521 erat,
475 1447 514 1510 iis
538 1445 752 1532 temporibus,
779 1445 896 1533 quibus
920 1445 1172 1510 Lacedaemonii
1197 1444 1298 1508 Grae-

125 1553 173 1618 cis
196 1555 365 1639 imperant,
398 1564 615 1639 opponuntur.
647 1574 827 1637 omnesque
852 1553 1032 1616 sententiae
1057 1552 1300 1638 sapientissime

124 1660 304 1746 dispositae
327 1661 534 1744 maximeque
558 1657 705 1735 idoneae,
736 1658 853 1744 quibus
877 1660 994 1744 prioris
1026 1657 1190 1722 felicitatis
1216 1658 1298 1722 desi-

127 1766 255 1830 derium
286 1767 457 1846 excitetur,
490 1788 527 1830 eo
556 1765 691 1830 consilio
723 1767 926 1849 excogitatae
958 1787 1031 1829 esse
1065 1765 1231 1844 videntur,
1262 1771 1299 1829 ut

128 1893 241 1935 omnes
268 1871 388 1937 nullam
412 1872 555 1937 salutem
585 1873 725 1936 inveniri
747 1895 846 1959 posse
877 1872 939 1936 nisi
961 1872 1212 1935 Atheniensium
1237 1874 1299 1935 vir-

129 1987 195 2042 tute
229 1977 460 2064 intellegerent.
507 1979 668 2065 Equidem
700 1979 780 2042 nihil
807 1978 1046 2061 animadverto,
1079 2001 1137 2042 eur
1171 1989 1299 2041 senten-

129 2086 205 2148 tiam
231 2085 328 2151 ullam
357 2108 399 2149 ex
431 2086 493 2151 alio
524 2094 681 2151 contextu
709 2088 903 2151 inconcinne
937 2109 975 2149 eo
1004 2085 1196 2150 translatam
1225 2107 1298 2149 esse

130 2193 286 2278 suspicer.

213 2299 287 2384 Age
313 2322 401 2363 nunc
425 2299 610 2382 videamus,
636 2299 797 2386 quomodo
822 2299 978 2385 epitaphii
1000 2311 1114 2362 auctor
1138 2299 1201 2362 illis
1226 2321 1299 2362 sen-

124 2405 235 2470 tentiis
258 2428 340 2470 usus
365 2408 416 2470 sit.

210 2513 289 2600 Ipse
314 2536 440 2600 quoque
466 2517 548 2578 satis
579 2515 712 2601 copiose
736 2514 830 2579 Darii
861 2525 892 2579 et
914 2515 1037 2580 Xerxis
1068 2513 1158 2579 bella
1188 2520 1304 2577 narrat

121 2620 350 2706 proeliumque
379 2620 572 2686 Plataeense
608 2621 846 2707 nonnullasque
882 2645 935 2685 res
972 2622 1012 2685 ab
1042 2621 1301 2686 Atheniensibus

123 2730 396 2814 pentecontaetia
418 2735 531 2813 gestas
560 2729 662 2792 addit.
704 2730 932 2794 Narrationem
950 2735 1022 2793 tum
1037 2731 1082 2793 ita
1098 2731 1304 2813 interrumpit

123 2833 206 2918 (54):
230 2839 304 2902 καθ’
328 2839 457 2905 ἕκαστον
481 2842 535 2927 μὲν
558 2841 592 2904 οὐ
613 2842 713 2929 ράδιον
736 2845 777 2904 τὰ
800 2844 854 2904 ὑπὸ
871 2842 992 2904 πολλῶν
1007 2842 1240 2904 κινδυνευθέντα
1256 2839 1303 2929 ὑφ’

122 2944 190 3021 ἑνὸς
213 2946 339 3032 ῥηθῆναι
362 2997 369 3011 .
393 2996 399 3011 .
425 2998 431 3010 .
456 2997 463 3011 .
491 2951 540 3023 τίς
562 2951 620 3034 γὰρ
644 2951 680 3010 ἀν
703 2950 721 3028 ἢ
746 2950 842 3034 λύγος
864 2950 882 3028 ἢ
906 2949 1011 3035 χρόνος
1034 2949 1052 3028 ἢ
1080 2949 1174 3035 ρήτωρ
1199 2949 1302 3024 ἱκανὸς

123 3055 238 3136 γένοιτο
263 3061 391 3138 μηνῦσαι
414 3055 545 3134 τὴντῶν
562 3054 674 3117 ἐνθάδε
689 3059 831 3140 κειμένων
845 3049 865 3134 Ι)
890 3055 1004 3141 ἀνδρῶν
1021 3054 1138 3140 ἀρετήν.
1171 3050 1301 3113 Deinde

126 3175 184 3216 cur
214 3155 319 3217 virtus
353 3160 502 3220 veterum
532 3155 781 3220 Atheniensium
817 3158 895 3220 satis
931 3156 1061 3220 laudari
1096 3178 1161 3220 non
1197 3158 1304 3242 possit

124 3259 259 3346 exponit
292 3260 352 3325 55:
393 3262 445 3348 1²)
484 3270 563 3353 μετὰ
597 3270 744 3332 πλείστων
778 3272 836 3353 γὰρ
869 3269 964 3330 πύνων
998 3271 1049 3330 καὶ
1085 3271 1303 3356 φανερωτάτων

125 3372 249 3457 ἀγώνων
265 3376 316 3436 καὶ
331 3375 506 3438 καλλίστων
522 3376 661 3438 κινδύνων
678 3375 842 3461 ἐλευθέραν
859 3376 911 3461 μὲν
928 3375 1068 3455 ἐποίησαν
1083 3378 1138 3454 τὴν
1151 3374 1301 3453 Ἑλλάδα,

215 3483 359 3566 μεγίστην
383 3479 410 3544 δ’
437 3482 596 3558 ἀπέδειξαν
625 3484 693 3562 την
722 3481 871 3545 ἑαυτῶν
900 3484 1073 3568 πατρίδα

212 3584 240 3646 l.
273 3586 484 3673 ἑβδομήκοντα
508 3587 561 3668 ἔτη
585 3597 643 3669 τῆς
666 3590 830 3669 θαλάττης
854 3587 1001 3675 ἄρξαντες
1025 3583 1072 3669 (=
1097 3585 1141 3647 Is
1167 3585 1184 3662 ,θ
1211 3586 1301 3669 106).

210 3691 240 3752 2.
272 3695 498 3772 ἀστασιάστους
528 3698 564 3759 δὲ
596 3698 804 3783 παρασχόντες
828 3700 901 3772 τοὺς
937 3699 1125 3783 συμμάχους,
1161 3692 1230 3778 (56)
1267 3699 1300 3761 ού

123 3805 189 3874 τοῖς
211 3801 325 3887 ὀλίγοις
353 3806 427 3878 τοὺς
460 3805 594 3879 πολλοὺς
628 3804 779 3867 δουλεύειν
814 3803 1013 3884 ἀξιώσαντες,
1048 3804 1132 3867 ἀλλὰ
1165 3806 1201 3866 τὸ
1237 3803 1300 3868 ἴσον

123 3903 200 3993 ἔχειν
224 3908 362 3986 ἅπαντας
385 3913 619 3993 ἀναγκάσαντες
642 3905 690 3991 (=
714 3907 758 3969 Is.
784 3907 801 3968 I
826 3908 845 3970 2
871 3912 905 3969 et
928 3906 962 3990 3)

211 4010 241 4074 3.
273 4016 343 4080 οὐδὲ
366 4021 439 4093 τοὺς
462 4021 641 4106 συμμάχους
664 4019 805 4095 ἀσθενεῖς
832 4026 1001 4099 ποιοῦντες,
1032 4019 1115 4082 ἀλλὰ
1143 4019 1300 4095 κάκείνους
1415 4065 1417 4072 ·

120 4121 258 4208 ἰσχυροὺς
279 4123 486 4199 καθιστάντες
509 4120 556 4205 (ε
581 4122 625 4185 Ia.
652 4122 668 4183 I
695 4121 736 4206 1).

211 4278 230 4344 ¹)
249 4277 305 4330 iilis
326 4275 532 4346 quinquaginta
553 4279 632 4331 annis
653 4296 749 4333 caesos
770 4282 799 4333 et
817 4280 846 4332 in
867 4278 1009 4334 Ceramico
1029 4279 1153 4348 sepultos
1174 4280 1249 4333 dicit.

209 4367 230 4431 ²)
251 4366 285 4419 cf.
306 4385 437 4423 numeros
457 4367 494 4418 ad
514 4366 646 4422 Isocratis
667 4371 755 4424 verba
774 4372 859 4423 autea
879 4371 1029 4439 appositos.
