3022 5032
649 288 862 386 -.Δ-1....

168 484 276 550 laudat
300 489 480 566 oratorem,
512 483 599 569 quod
625 487 655 548 in
679 507 802 568 genero
826 482 970 548 iudiciali
993 483 1094 547 alium
1118 483 1226 547 stilum
1250 483 1347 548 nihi--

165 593 274 658 buerit
285 591 326 677 ¹):
363 600 417 661 τὸν
440 598 593 684 ἀκροατὴν
624 603 838 683 συμμετρεῖται
865 598 939 684 πρὸς
965 599 1006 659 τὰ
1034 597 1187 683 λεγόμενοι
1215 597 1339 674 οἰκείως,

165 706 198 769 οὗ
221 707 275 769 τὸν
299 706 392 769 αὐτὸν
414 705 522 792 τρόπον
544 707 675 790 δικαστῇ
698 705 750 766 καὶ
773 705 1011 787 tentanum-au
1039 704 1090 766 καὶ
1117 701 1342 790 πανηγυρίζοντι

164 813 388 900 διαλεγόμενος
410 810 501 900 ὄχλῳ,
527 805 655 892 alioque
679 807 788 889 loco'2)
811 810 930 887 Λυσίας
953 811 984 873 ἐν
1007 812 1140 886 ἁπάσαις
1163 812 1260 888 ἰδέαις
1281 821 1342 877 τῶν

165 922 268 1003 λόγων
293 965 298 978 .
326 965 332 978 .
359 965 365 976 .
390 920 571 1006 εὐδοκιμῶν,
607 912 800 998 denique3):
841 919 871 980 ἐν
907 918 999 981 ἅπασι
1034 920 1087 1004 μὲν
1114 918 1234 994 τούτοις
1264 913 1343 998 (τοῖς

166 1029 243 1114 τρισὶ
269 1021 379 1113 γένεσι)
414 1027 495 1091 ἐστὶν
530 1028 546 1090 ο
582 1026 655 1113 ἀνὴρ
688 1027 782 1112 λόγου
818 1023 910 1102 ἄξιος.
956 1018 1029 1084 Iam
1053 1020 1186 1085 evolvas
1210 1020 1341 1086 Lebelli

167 1127 311 1194 libellum
320 1129 346 1214 ⁴)
369 1129 539 1215 legasque,
565 1127 643 1215 quid
667 1126 834 1192 senserint
856 1128 1056 1192 recentiores
1073 1129 1134 1190 viri
1151 1126 1341 1217 doctissimi,

169 1247 232 1300 tum
254 1236 428 1322 intelleges
452 1236 509 1301 illa
531 1238 658 1301 ratione
682 1245 806 1299 certum
830 1234 871 1299 de
900 1234 1056 1321 epitaphii
1091 1244 1224 1299 anctore
1259 1235 1340 1300 indi-

167 1347 251 1407 cium
275 1366 452 1430 numquam
471 1366 532 1409 nos
548 1352 699 1408 nacturos
717 1364 801 1406 esse.
835 1341 976 1406 Multum
993 1341 1097 1423 abest,
1122 1351 1157 1405 ut
1171 1342 1341 1407 Lebellum

167 1461 311 1516 sectatus
336 1454 444 1517 omnia
467 1473 549 1539 quae
574 1453 606 1513 in
631 1448 799 1537 epitaphio
824 1453 903 1512 sunt
924 1447 1070 1528 landem,
1106 1453 1218 1515 tamen
1245 1450 1340 1535 longe

85 1544 88 1551 ¹
166 1558 380 1644 gravissimas
404 1558 571 1623 molestias
595 1556 687 1622 velut
710 1556 890 1621 antitheses
916 1561 951 1620 et
975 1558 1260 1641 exaggerationem
1276 1580 1341 1621 non

166 1668 288 1731 oratori
327 1666 388 1730 scd
426 1665 542 1751 generi
580 1664 770 1729 tribuendas
811 1687 885 1727 esse
920 1663 1117 1728 Aristoteles
1128 1663 1152 1749 ⁵)
1191 1669 1339 1729 testatur.

167 1772 264 1855 Quod
285 1777 398 1837 tamen
422 1772 597 1839 immodice
622 1777 658 1836 et
691 1771 827 1836 moleste
862 1771 919 1836 illa
954 1771 1113 1836 orationis
1150 1777 1343 1837 ornamenta

168 1880 330 1962 adhibuit,
368 1903 426 1944 cur
453 1904 472 1943 a
497 1880 599 1966 Lysia
622 1879 657 1943 id
685 1878 829 1944 alienum
864 1881 1032 1966 putemne,
1068 1901 1134 1944 non
1170 1878 1339 1943 habemns.

170 1986 368 2072 Saepissime
394 1989 478 2052 enim
501 1987 650 2076 accidit,
668 1992 706 2051 nt
729 1989 764 2070 ii,
803 1989 857 2073 qui
893 1989 925 2051 iu
961 1985 1074 2072 aliqua
1102 1996 1171 2050 arte
1196 2009 1340 2051 summos

170 2093 311 2158 artifices
336 2117 370 2157 se
394 2095 629 2181 praebuerunt,
662 2118 735 2158 cum
759 2094 855 2158 aliam
879 2098 1122 2180 temptaverunt
1144 2093 1185 2158 ab
1207 2093 1340 2178 ingenio

168 2199 321 2283 alienam,
345 2203 489 2288 pessima
511 2203 695 2288 proferant,
728 2212 762 2265 ut
785 2203 842 2265 vix
865 2212 1037 2286 utrumque
1061 2201 1102 2264 ab
1127 2201 1241 2265 eodem
1265 2224 1339 2265 auc-

166 2317 235 2372 tore
258 2307 444 2394 profectum
468 2309 593 2374 credas.
640 2309 689 2373 Ac
713 2308 850 2392 Lysian,
884 2310 948 2372 iam
972 2310 1113 2393 antiquis
1136 2308 1340 2394 temporibus

165 2437 230 2480 non
261 2425 394 2502 propter
424 2415 702 2480 demonstrativas
739 2416 901 2480 emtiones
936 2415 995 2480 sed
1029 2414 1178 2480 forenses
1215 2415 1340 2480 clarum

166 2521 270 2587 fnisse
307 2545 348 2589 ex
370 2523 515 2588 Platonis
540 2523 691 2588 Phaedro
727 2523 837 2609 colligi
871 2533 990 2610 potest,
1025 2522 1084 2587 nbi
1108 2522 1267 2602 creticus,
1303 2526 1341 2585 nt

168 2629 370 2716 appellatur,
406 2630 528 2715 Lysiae
564 2631 778 2696 vehementer
800 2630 1050 2717 reprehenditur
1071 2640 1204 2717 propter
1226 2631 1338 2695 iuven-

169 2736 289 2800 tionem
299 2736 324 2823 θ’)
359 2747 391 2801 et
426 2737 674 2823 dispositionem
684 2741 720 2822 7).
781 2736 872 2818 Quae
906 2738 1009 2822 igitur
1042 2737 1108 2802 iam
1142 2747 1272 2801 veteres
1306 2739 1340 2801 in

166 2846 309 2928 genuina
330 2845 450 2930 Lysiae
475 2848 617 2910 oratione
640 2848 918 2932 vituperaverunt,
944 2867 982 2911 ea
998 2845 1163 2910 Eckertns
1184 2845 1340 2909 indicimu

167 2952 325 3038 epitaph-’i
361 2954 463 3038 spurii
497 2953 705 3017 manifestum
737 2975 921 3039 proponere
956 2976 1021 3017 non
1057 2953 1175 3017 debuit.
1223 2951 1340 3038 Itaque

171 3061 323 3145 quoniam
345 3081 468 3145 genere
492 3059 746 3125 demonstrativo
775 3084 890 3147 parum
924 3060 1039 3144 valuit,
1074 3069 1204 3147 praeter
1240 3059 1340 3145 epita-

169 3164 281 3250 phium
303 3165 383 3230 nihil
405 3166 470 3231 nisi
494 3189 571 3232 casu
595 3168 682 3253 apud
706 3168 900 3252 Dionysium
931 3178 962 3232 et
984 3166 1154 3232 Platonem
1183 3166 1340 3231 nonnulla

170 3278 307 3338 servata
330 3283 412 3338 sunt.
462 3272 554 3356 Quae
577 3297 694 3362 parum
719 3280 847 3339 certum
870 3273 1117 3339 fundamentum
1149 3274 1221 3339 ideo
1244 3273 1339 3337 nobis

166 3381 333 3466 praebent,
355 3384 496 3469 primum
514 3383 601 3469 qnod
617 3405 783 3468 perpauca
800 3386 891 3463 sunt,
915 3381 1032 3446 deinde
1048 3404 1127 3446 vero
1144 3380 1339 3466 Girardusssl

167 3554 234 3561 ..ι-...-
247 3555 299 3560 --.
307 3553 380 3561 -...--

259 3650 279 3715 1)
301 3648 329 3704 C.
349 3648 378 3713 8;
397 3668 424 3718 p.
444 3650 497 3702 470
516 3650 547 3706 n..

258 3737 279 3803 ²)
298 3736 341 3791 De
360 3737 422 3806 Lys.
444 3740 467 3792 1.
487 3758 513 3807 p.
533 3739 586 3791 454
605 3738 637 3794 R.

259 3826 612 3897 bmhmlnpfflt

158 3921 161 3926 '
259 3917 280 3983 ⁴)
297 3935 324 3986 p.
345 3917 390 3970 tf.

259 4005 280 4072 ὅ)
297 4006 380 4060 Rhct.
400 4007 444 4059 Ill
464 4007 480 4059 9
500 4008 514 4060 7
536 4009 565 4061 et
584 4007 626 4059 ΙΙΙ
645 4009 678 4059 1⁶2
697 4008 744 4060 40:
773 4006 853 4076 ἠμὲν
873 4007 972 4076 αὔξησις
1000 4006 1183 4076 ἐπιτηδειοτάτη
1211 4014 1262 4075 τοῖς
1290 4007 1339 4064 ἐπι·

166 4100 303 4162 emma.

259 4184 280 4251 ι)
299 4184 352 4237 243
363 4202 384 4238 ι.

260 4273 279 4338 ⁷)
298 4272 379 4326 2641)
399 4278 477 4345 χύδην
497 4279 631 4344 ,indictus
648 4279 679 4328 τὰ
698 4281 741 4329 τοῦ
762 4275 840 4343 λέγοι.

259 4360 279 4427 ⁸)
299 4361 396 4431 Revue
416 4363 536 4417 archtcl.
556 4379 637 4416 nonu.
658 4362 729 4417 serie
748 4364 815 4416 tom.
836 4358 870 4414 23
889 4380 915 4430 p.
935 4360 996 4414 378.
