3022 5032
198 548 414 628 tautologiam
439 548 631 612 dissimulat
652 550 791 634 primum
815 546 957 611 mutatis
982 548 1102 624 verbis,
1129 546 1246 612 deinde
1270 552 1380 613 autem

198 655 257 719 illa
273 657 464 740 partitione:
489 663 541 724 καὶ
557 663 627 745 ἡμῖν
643 668 709 736 τοῖς
730 662 939 746 δυστηχήσασι
954 661 1005 722 καὶ
1020 667 1086 735 τοῖς
1102 657 1209 735 ἄλλοις
1225 659 1386 741 Ἕλλησιν

197 763 330 840 Tamen‚
361 762 507 827 sirecte
534 761 766 846 intellegimus,
797 764 841 824 ita
864 761 1030 848 loquitur:
1061 761 1211 826 Navibus
1242 764 1380 841 amissis,

197 891 279 955 quae
306 868 475 932 calamitas
500 868 651 933 omnibus
677 868 816 933 Graecis
840 867 967 950 accidit,
993 867 1134 955 maiores
1161 869 1385 933 ostenderunt

199 975 380 1060 potentiam
405 997 498 1040 suam
523 973 663 1062 [salvam
688 975 790 1040 saluti
812 971 937 1060 fuissel,
972 974 1111 1039 fractam
1142 977 1304 1040 maximae
1330 998 1382 1041 ca·

199 1081 335 1145 lamitati
360 1104 433 1146 esse
459 1083 607 1146 omnibus
634 1081 782 1146 Graecis

291 1186 390 1253 Certe
408 1188 609 1252 sententiam
633 1211 673 1251 ex
689 1189 856 1253 Isocratea
872 1189 1094 1252 sincerissima
1117 1193 1181 1279 ἅμα
1206 1196 1264 1278 γὰρ
1292 1196 1384 1279 ἡμεῖς

198 1323 233 1362 τε
262 1308 321 1380 τῆς
348 1301 443 1388 ἀρχῆς
473 1299 721 1386 ἀπεστερούμεθα
752 1302 803 1362 καὶ
837 1306 903 1374 τοῖς
930 1298 1079 1380 Ἕλλησιν
1119 1300 1193 1386 ἀρχὴ
1228 1307 1288 1363 τῶν
1323 1323 1379 1363 κα-

199 1416 259 1469 κῶν
285 1410 406 1488 ἐγένετο
442 1408 572 1466 auctam
602 1423 675 1466 esse
705 1400 848 1486 itemque
873 1406 972 1486 atque
1008 1400 1096 1465 illam
1121 1400 1376 1465 Atheniensibus

199 1510 417 1594 principatum
441 1507 553 1572 deberi
576 1508 805 1572 demonstrare
830 1506 1133 1572 manifestissimum
1158 1513 1218 1572 est.

291 1614 357 1679 Sed
380 1637 420 1678 ne
438 1614 539 1679 aliam
562 1614 693 1700 quidem
717 1614 871 1699 epitaphii
897 1616 1066 1699 scriptoris
1089 1614 1379 1678 inconcinnitatem

201 1721 393 1786 omittamus
451 1721 572 1786 Parum
597 1723 682 1785 enim
711 1726 807 1785 caute
832 1723 897 1805 egit
919 1720 954 1785 in
987 1721 1177 1784 enarrandis
1200 1720 1379 1785 incommo-

201 1829 261 1901 dis,
299 1850 382 1915 qnae
418 1841 564 1915 ereptum
587 1823 850 1893 Atheniensibus
885 1828 1106 1914 principatum
1134 1838 1256 1891 secuta
1291 1831 1379 1890 sunt.

202 1936 285 1998 Nam
311 1959 384 1999 curn
408 1958 522 2021 pacem
545 1934 776 2000 Antalcideam
800 1944 896 1998 antea
921 1934 1173 2018 diligentissime
1199 1933 1380 1998 dissimula-

200 2045 312 2123 visset,
347 2042 401 2105 hic
425 2040 654 2126 neglegentius
678 2046 854 2110 δουλεύουσι
876 2048 912 2109 δὲ
928 2047 1033 2122 πόλεις
1053 2046 1213 2126 Ἑλλήνων
1237 2042 1381 2126 exscrip-

204 2151 254 2229 sit⁷
281 2171 364 2233 quae
387 2147 489 2211 verba
520 2148 561 2211 ad
586 2147 715 2213 Graeca
738 2148 842 2212 Asiae
873 2148 993 2233 oppida
1016 2150 1182 2233 pertinent
1205 2169 1287 2232 pace
1311 2145 1382 2211 An·

200 2254 344 2319 talcidoa
376 2256 488 2319 Persis
521 2254 655 2336 tradita3
689 2256 724 2318 cf
759 2255 859 2319 Isocr.
891 2255 970 2319 119:
1002 2257 1083 2335 ἄξιον
1107 2298 1113 2309 ·
1138 2297 1143 2308 ·
1168 2298 1172 2308 ·
1197 2258 1381 2345 μέμψασθαι

200 2369 236 2430 δὲ
259 2366 527 2452 Λακεδαιμονίους,
553 2367 600 2429 ὅτι
628 2406 634 2417 ·
658 2406 663 2416 -
688 2405 693 2416 ·
722 2373 789 2441 τοῖς
816 2365 980 2451 pappam
1008 2366 1122 2441 αὐτοὺς
1153 2359 1239 2441 (τοὺς
1257 2360 1384 2445 Ἴωνας)

204 2475 355 2550 ἐξέδοσαν
401 2469 520 2554 Itaque
545 2467 615 2551 regi
631 2466 814 2551 gratulatur
838 2465 877 2530 de
901 2488 1012 2531 rerum
1029 2468 1280 2531 commutatione
1304 2472 1382 2552 post

200 2598 313 2660 pacem
337 2574 567 2638 Antalcideam
596 2574 691 2639 facta.
736 2575 819 2636 Nam
844 2595 885 2636 ex
913 2573 972 2638 illo
996 2584 1142 2657 tempore
1183 2578 1297 2654 ἐκεῖνός
1331 2579 1382 2642 ἐσ-

208 2710 253 2749 τιν
277 2687 292 2749 ὁ
316 2688 436 2749 διοικῶν
460 2690 501 2750 τὰ
523 2695 584 2748 τῶν
606 2684 761 2765 Ἑλλήνων
784 2685 835 2748 καὶ
858 2681 1094 2771 spectata-tow)

292 2786 356 2854 Sed
388 2789 454 2852 iam
478 2788 672 2853 accedamus
706 2788 748 2851 ad
772 2786 906 2851 alteram
932 2786 1087 2850 Isocratis
1118 2789 1284 2872 propriam
1308 2808 1382 2852 sen·

198 2895 339 2959 tentiam

686 3038 900 3045 -—-——-

409 3216 442 3279 4.
468 3213 520 3279 Dc
543 3214 718 3280 Isocratls
743 3213 873 3280 studlls
897 3212 1175 3296 panhellcnlcls

290 3355 318 3418 E
342 3357 516 3421 Persarum
551 3358 632 3423 belli
665 3359 867 3444 temporibus
903 3359 1007 3442 magis
1045 3357 1216 3444 magisque
1251 3356 1381 3434 Graeci,

200 3468 368 3549 quotquot
390 3466 424 3527 in
441 3476 555 3549 gentes
582 3465 679 3529 divisi
704 3465 779 3546 sint,
809 3470 923 3529 tamen
940 3486 975 3528 se
999 3487 1097 3528 unam
1122 3465 1289 3528 nationem
1314 3460 1385 3526 effi·

200 3591 276 3633 cere
301 3570 518 3658 barbarisque
550 3573 716 3657 oppositos
742 3593 815 3635 esse
841 3570 993 3637 sentiunt.
1039 3571 1157 3656 ltaque
1189 3593 1228 3634 ea
1252 3574 1383 3634 senten-

199 3678 246 3739 tia
265 3676 365 3740 ctiam
390 3679 479 3762 apud
495 3677 675 3743 Isocratem
698 3676 875 3753 invenitur,
903 3679 1023 3763 quippe
1041 3680 1095 3763 qui
1121 3679 1265 3741 omnium
1282 3676 1384 3741 Grae·

200 3806 315 3846 corum
341 3784 580 3869 expeditionem
605 3783 865 3849 Atheniensibus
902 3785 1041 3848 ducibus
1066 3786 1098 3846 iu
1127 3783 1288 3848 barbaros
1313 3780 1384 3846 fieri

199 3887 287 3970 velit,
313 3892 515 3975 iniuriasque
545 3891 645 3954 alicui
671 3891 873 3955 Graecorum
896 3892 988 3974 genti
1018 3889 1136 3967 illatas
1169 3888 1244 3954 licet
1268 3891 1312 3953 sit
1334 3888 1385 3952 in·

199 3994 379 4059 l'cstissinra
405 3996 673 4079 Atheniensibus,
707 3996 812 4060 totius
845 3997 985 4059 nationis
1019 3994 1241 4059 calamitatem
1272 3995 1385 4059 existi·

200 4109 277 4165 mat.
324 4101 440 4189 Itaque
476 4125 535 4167 suo
570 4104 641 4166 iure
676 4105 845 4167 victoriam
877 4100 1035 4165 Cnideam
1072 4107 1106 4166 et
1142 4102 1385 4187 expeditionem

201 4209 376 4272 Persarum
417 4208 543 4295 classiS,
583 4211 645 4273 etsi
681 4208 895 4285 Atheniensis¹
929 4209 955 4272 ci
991 4220 1151 4295 praeerat,
1192 4219 1384 4271 exsecratur

216 4418 219 4423 ⁴
291 4402 309 4470 ¹)
331 4401 415 4458 [socr.
435 4418 527 4470 paneg.
550 4401 610 4455 1⁴20.
