3022 5032
256 518 288 603 a)
312 514 446 599 „Malim
479 515 519 579 de
554 513 705 600 sophista
736 513 868 600 quidvis
904 513 1040 579 eredere
1076 537 1172 600 (piram
1205 514 1337 583 Isocrati

167 630 290 690 tantam
319 623 474 708 affingere
501 644 565 685 non
596 621 668 686 dico
699 621 943 708 impudentiam,
975 621 1035 686 sed
1064 620 1269 701 dementiam,
1301 627 1340 686 ut

167 756 241 797 cum
264 744 332 798 tam
357 729 470 795 sedulo
500 728 686 793 inculcaret
709 751 745 794 se
776 752 861 794 nova
891 731 999 793 omnia
1026 726 1193 793 dicturum
1226 729 1339 796 eadem

167 863 269 926 opma
293 836 495 903 celeberrimi
518 839 685 922 scriptoris
711 837 844 900 vixdum
868 836 990 901 editum
1015 837 1300 923 depecularetur·.“

257 947 291 1030 h)
312 944 388 1009 Alia
411 943 670 1026 Hoclsohcrus¹)
695 942 833 1008 addidit:
871 943 926 1023 „Si
952 944 1080 1008 tabulas
1104 943 1267 1026 mythicas
1290 967 1338 1010 re-

94 1114 98 1120 .
168 1056 334 1140 spicimuS,
359 1052 400 1117 ab
416 1053 561 1117 Isocrate
580 1051 730 1116 breviore
755 1055 788 1115 et
811 1053 1018 1116 accuratiore
1042 1050 1228 1116 narratione
1252 1056 1338 1116 trac-

169 1170 253 1226 tatas
270 1184 324 1226 eas
342 1184 418 1225 osse
433 1160 592 1239 videmus,
618 1170 653 1223 ut
676 1169 790 1224 auctor
814 1159 967 1247 epitaphii
994 1182 1034 1224 ex
1049 1159 1204 1225 Isocratis
1228 1159 1340 1224 schola

169 1260 318 1355 prodisse
346 1266 509 1353 simulque
537 1266 783 1354 philosophicos
811 1288 919 1332 mores
951 1272 1116 1333 ostenta-re
1142 1267 1220 1332 mihi
1249 1266 1338 1332 vide·

167 1379 273 1441 atur·“.
314 1375 417 1441 Cuius
440 1377 485 1439 rei
511 1374 665 1461 exempla
687 1374 775 1461 apud
798 1374 1035 1440 Hoelscherum
1059 1374 1180 1442 videas.

254 1484 435 1567 „Isocratis
466 1482 573 1547 autern
603 1503 675 1547 eum
706 1480 901 1568 discipulum
928 1482 982 1546 vel
1012 1484 1207 1547 imitatorem
1238 1483 1339 1546 fuisse

166 1596 304 1679 apparet
328 1615 401 1656 oiim
425 1613 466 1656 ex
489 1588 598 1655 studio
623 1589 841 1668 antithesiunr,
876 1614 957 1675 (pilas
987 1593 1076 1676 ipsas
1106 1589 1220 1654 rudius
1249 1588 1339 1654 adhi-

165 1702 238 1764 buit
266 1710 299 1763 et
328 1722 368 1763 ex
403 1698 583 1762 imitatione
615 1699 647 1760 in
683 1696 818 1761 historia
852 1698 1032 1775 tractanda,
1069 1698 1123 1760 uhi
1158 1696 1254 1760 latior
1289 1702 1341 1762 est

169 1809 322 1889 lsoerate‚
353 1816 422 1870 turn
451 1828 492 1870 ex
519 1803 683 1869 nonnullis
717 1804 809 1885 locis,
843 1791 960 1890 quibus
994 1802 1210 1892 eloquentiam
1244 1804 1339 1868 simili

167 1915 236 1979 fere
260 1913 368 1991 modo,
394 1935 457 1998 quo
479 1912 644 1977 Isocrates
667 1910 816 1977 laudat.‘·‘

261 2018 291 2104 c)
314 2016 437 2105 „Apud
459 2019 638 2082 lsoeratem
663 2018 772 2082 onmia
802 2041 843 2082 ex
871 2022 1066 2104 argumento
1094 2020 1165 2105 ipso
1194 2019 1339 2084 efflores-

172 2131 259 2210 cunt,
296 2125 379 2189 benc
412 2125 595 2204 cohaerent,
631 2128 800 2211 proposito
831 2125 1027 2205 inserviunt,
1064 2126 1162 2190 iustis
1199 2126 1338 2213 deniquo

167 2234 285 2297 linibus
306 2242 509 2315 coercentem
535 2231 622 2318 apud
638 2244 783 2296 nostrum
806 2232 924 2313 inania,
949 2234 1057 2314 nimia7
1084 2232 1198 2298 odiosa
1222 2236 1337 2314 onmia,

165 2343 266 2406 verba
279 2341 390 2405 verbis
407 2339 602 2422 continuata,
627 2342 734 2425 ligura
748 2340 871 2425 figuris,
895 2363 961 2405 non
981 2343 1050 2404 sine
1069 2340 1209 2426 ‹puadam
1224 2340 1339 2428 [specie

165 2459 261 2536 atque
290 2469 420 2535 pompa,
448 2447 507 2512 sed
536 2447 625 2512 nullo
655 2448 799 2519 consilio,
828 2447 921 2512 nulla
949 2452 1031 2531 arte,
1061 2447 1151 2512 nulla
1178 2451 1221 2531 vi,
1249 2448 1339 2512 nullo

167 2579 275 2620 sensu.
323 2554 397 2620 lllic
422 2577 582 2620 summum
609 2565 773 2619 oratorem
797 2554 923 2639 videas,
949 2555 1003 2620 hic
1032 2579 1190 2641 nugacem
1220 2555 1339 2643 compi-

166 2663 349 2751 latorem.²)

256 2771 356 2836 Cuius
387 2773 436 2835 rei
468 2771 653 2859 exemplum
684 2773 787 2851 affert,
821 2772 908 2857 quod
932 2773 1049 2857 Lysias
1079 2771 1258 2836 Isocratem
1291 2793 1339 2835 se-

167 2887 262 2944 cutus
286 2879 395 2967 inepte
420 2878 633 2944 barbarorum
658 2891 732 2965 post
755 2903 897 2966 pugnam
923 2879 1073 2943 Cnidiam
1102 2877 1340 2965 expeditionem

165 2988 282 3052 laetorii
301 2989 455 3073 queritur,
475 3010 548 3051 cnm
565 2987 688 3052 Persae
705 2997 773 3051 tum
789 2988 929 3052 maxime
947 2987 1172 3051 Athenienses
1190 2985 1339 3049 omnibus

168 3094 264 3157 rebus
288 3094 482 3158 adiuverint.
1201 3102 1204 3107 '

256 3202 330 3265 llao
346 3200 413 3267 fere
433 3201 649 3286 gravissimae
672 3224 791 3266 causae
816 3201 924 3266 adhuc
947 3201 1097 3288 prolatae
1122 3213 1205 3280 sunt,
1232 3200 1339 3264 multis

166 3331 248 3374 sane
272 3307 428 3395 exemplis
451 3308 641 3392 illustratae,
668 3312 786 3396 quibus
810 3310 873 3373 nisi
896 3312 960 3373 viri
984 3310 1074 3375 docti
1098 3308 1300 3394 epitaphium
1321 3331 1340 3371 a

165 3416 291 3504 Lysiae
315 3418 444 3481 nomine
468 3419 691 3484 seiunxerunt.
738 3418 823 3483 Nam
849 3423 999 3483 veterum
1032 3416 1218 3481 testimonia
1246 3417 1339 3503 parvi

164 3525 291 3589 faciunt
315 3528 447 3610 praeter
463 3523 680 3588 Aristotelem
706 3527 868 3588 nominem
893 3535 967 3588 ante
993 3534 1144 3610 quartum
1167 3547 1198 3610 p.
1216 3522 1291 3589 Chr.
1307 3547 1338 3585 n.

74 3620 78 3625 ¹
166 3630 332 3697 saeculum
357 3633 554 3719 epitaphium
580 3635 680 3697 citare
705 3633 863 3698 dicentes
913 3632 1058 3712 Quorum
1083 3656 1124 3696 cx
1147 3631 1339 3695 testimoniis

167 3739 248 3803 nihil
263 3739 375 3824 colligi
391 3762 489 3827 posse
506 3742 566 3803 nisi
593 3742 657 3803 inm
681 3743 751 3804 tum
777 3741 957 3804 (insitionem
981 3742 1136 3826 scriptam
1153 3737 1338 3824 Lysiasquis

168 3845 323 3911 tributam
344 3845 458 3912 fuisso.

256 3952 306 4018 Ae
321 3979 363 4019 ne
379 3955 567 4019 Aristotelis
587 3954 714 4040 quidem
733 3955 844 4020 locum
860 3955 996 4018 multum
1013 3953 1124 4018 valere
1142 3951 1338 4033 existimant,

166 4084 243 4125 cum
258 4062 391 4147 Lysiam
408 4063 536 4126 omnino
560 4085 626 4126 non
650 4063 801 4143 nominet,
827 4072 858 4126 et
882 4061 1043 4125 sententia
1066 4062 1144 4124 satis
1168 4058 1339 4122 vehemen-

165 4176 215 4232 ter
239 4190 260 4233 a
286 4166 390 4253 Lysia
414 4167 598 4233 abhorreat.
644 4167 758 4253 Neque
784 4166 867 4231 enim
890 4166 1026 4253 Lysiam
1051 4165 1090 4229 de
1116 4186 1226 4252 pugna
1249 4163 1338 4229 Sala·

256 4309 277 4378 ¹)
296 4307 315 4362 l.
336 4325 358 4363 c.
377 4325 404 4377 p.
425 4306 466 4360 52.

257 4396 280 4467 ⁹)
299 4395 409 4450 advers.
430 4396 470 4449 12.
