3022 5032
596 315 808 416 „35-

112 507 252 571 vidisset
287 510 327 574 ah
362 511 507 576 Isocrate
542 512 751 599 reprehensa
787 523 896 577 tamen
932 513 1046 578 eodem
1080 514 1152 601 ipso
1187 513 1284 579 modo

112 616 251 701 ineptire
273 629 440 704 pergeret;
467 641 544 703 ergo
565 619 730 705 antiquior
745 631 859 684 auctor
875 621 1068 708 epitaphii.“
1117 621 1200 686 Nam
1216 645 1290 685 cum

111 723 169 787 illa
205 727 368 788 sententia
402 727 512 812 inepta
546 748 612 790 non
644 737 742 808 esset,
780 727 935 813 epitaphii
967 730 1106 814 scriptor
1137 728 1291 793 deterreri

112 853 179 896 non
212 831 331 913 debuit,
365 853 406 896 ne
438 855 477 896 ea
505 840 663 910 uteretur,
696 855 734 897 eo
758 835 874 911 minua
902 835 989 920 quod
1013 836 1176 900 Isocrates
1202 835 1289 899 serio

114 960 188 1002 earn
214 941 409 1004 sententiam
433 962 498 1004 non
521 940 695 1026 vituperat,
722 942 843 1026 quippe
880 963 977 1028 quam
1000 940 1071 1027 ipse
1093 941 1289 1032 adhibuerit,

112 1045 194 1109 licet
228 1054 269 1115 τὰ
287 1053 403 1115 παλαιὰ
425 1060 537 1128 καινῶς
574 1053 706 1116 διελθεῖν
741 1047 913 1111 studuerit.
938 1059 940 1065 '
972 1047 1032 1112 illa
1068 1048 1155 1115 enim
1188 1048 1291 1112 verba

114 1161 224 1217 tantae
248 1153 387 1217 fiduciae
411 1153 511 1241 plena
533 1163 593 1244 ἐγὼ
617 1156 683 1240 δ’ἢν
708 1162 748 1246 μὴ
772 1161 823 1223 καὶ
842 1169 897 1224 τοῦ
912 1164 1093 1247 πράγματος
1109 1160 1202 1237 ἀξίως
1218 1157 1288 1223 εἴπω

114 1266 181 1328 κτλ.
204 1262 372 1346 pertinent
401 1260 444 1323 ad
466 1261 708 1348 paragraphum
735 1265 813 1328 187:
838 1268 871 1331 οὐ
895 1270 951 1347 τὴν
975 1269 1069 1347 αὐτὴν
1091 1269 1127 1330 δὲ
1150 1269 1290 1354 τυγχάνω

115 1376 238 1459 γνώμην
266 1370 342 1460 ἔχων
376 1370 407 1434 ἔν
434 1395 469 1435 τε
496 1383 540 1458 τῷ
574 1375 695 1459 παρόντι
726 1376 778 1438 καὶ
809 1377 872 1460 περὶ
900 1377 960 1450 τὰς
987 1373 1084 1461 ἀρχὰς
1111 1376 1291 1458 τοῦλόγου·

112 1480 189 1542 τότε
214 1481 266 1566 μὲν
294 1482 352 1564 γὰρ
377 1481 460 1565 ᾤμην
490 1479 583 1556 ἀξίως
605 1481 790 1561 δυνήσεσθαι
816 1490 877 1544 τῶν
902 1483 1087 1567 πραγμάτων
1114 1482 1211 1561 εἰπεῖν,
1241 1487 1291 1544 νῦν

111 1580 199 1649 δὀὐκ
228 1586 400 1674 ἐφικνοῦμαι
423 1593 477 1649 τοῦ
495 1587 647 1672 μεγέθους
670 1588 783 1669 αὐτῶν,
807 1588 891 1652 ἀλλὰ
914 1590 1015 1651 πολλά
1039 1611 1076 1673 με
1092 1590 1289 1673 διαπέφευγεν

114 1693 155 1757 ὧν
179 1693 346 1773 διενοήδην-
391 1689 494 1753 Multo
519 1690 689 1754 efficacius
706 1691 871 1755 [socrates
895 1692 968 1777 ipsa
991 1712 1027 1753 re
1044 1689 1209 1753 auditores
1234 1688 1291 1752 do·

114 1800 170 1860 cet
192 1806 322 1880 patrum
337 1796 493 1858 virtutem
516 1798 670 1860 maiorem
694 1818 778 1875 esse,
805 1819 902 1881 quam
918 1806 955 1859 ut
978 1798 1056 1859 satis
1073 1795 1288 1882 praedicetur.

207 1901 297 1979 Quid
325 1924 404 1987 ergo
436 1901 511 1967 est?
547 1903 802 1968 Demonstrasse
834 1904 913 1967 mihi
944 1903 1067 1980 videor,
1101 1924 1142 1966 ne
1174 1903 1289 1989 quinto

116 2007 246 2096 quidem
279 2016 471 2095 argumento
506 2033 666 2096 apparere
689 2011 871 2076 isocratem
900 2033 975 2075 ease
1003 2011 1199 2074 imitatorem
1229 2019 1285 2073 aut

118 2101 306 2201 panegyrici
337 2120 528 2203 scriptorem
559 2118 759 2203 epitaphium
788 2117 989 2183 aemulatum
1021 2139 1105 2180 esse.
1152 2116 1236 2180 Nam
1261 2116 1291 2180 si

117 2245 189 2287 cum
223 2223 328 2309 Lysia
362 2226 395 2288 in
430 2247 549 2310 genere
591 2225 845 2290 demonstrativo
882 2223 1080 2290 contendere
1115 2223 1286 2300 voluisset,

116 2328 344 2417 Olympiacum
377 2332 563 2416 significare
597 2331 709 2395 debuit
737 2334 854 2418 paucis
874 2336 965 2396 ¹ante
1003 2333 1097 2395 annis
1128 2330 1287 2394 habitum.

111 2436 208 2516 Quod
237 2462 312 2501 curn
342 2438 485 2502 nolucrit
521 2439 672 2526 equidem
703 2441 787 2503 inter
816 2440 951 2524 Lysiam
983 2448 1014 2502 et
1042 2437 1223 2501 Isocratem
1252 2440 1286 2500 in

111 2565 232 2627 genere
257 2544 433 2632 epidictico
459 2545 590 2611 omnino
614 2552 781 2611 certarnen
804 2569 870 2610 non
893 2545 994 2610 tuisse
1018 2555 1106 2624 puto.
1154 2543 1285 2608 indoles

111 2650 283 2715 amborum
308 2650 467 2717 diversior
490 2664 568 2734 erat,
595 2676 693 2738 quam
717 2663 751 2716 ut
774 2652 1019 2717 aemularentur
1030 2653 1062 2737 1).
1110 2652 1206 2715 Licet
1228 2653 1285 2736 igi·

113 2763 170 2820 tur
201 2757 282 2821 alter
313 2757 454 2822 alterum
486 2759 589 2823 oderit
620 2769 651 2822 et
684 2761 936 2843 contempserit3
970 2758 1030 2822 sed
1059 2781 1132 2823 curn
1165 2758 1286 2843 Lysias

111 2864 245 2929 scholas
275 2889 340 2931 non
364 2866 499 2930 haberet
531 2889 637 2952 neque
667 2868 751 2930 serio
776 2866 958 2930 Isocratem
989 2868 1073 2929 sicut
1097 2865 1285 2928 Alcidamas

110 2974 287 3036 obscurare
316 2979 441 3058 posset
473 2997 539 3038 non
568 2974 754 3038 habuerunt
781 2983 937 3054 oratores,
968 2996 1026 3036 cur
1057 2973 1170 3036 litteris
1200 2972 1286 3037 inter

110 3101 147 3140 se
172 3091 365 3162 pugnarent.

198 3184 301 3246 [mmo
325 3187 433 3268 potius
458 3186 615 3270 Gorgiam
644 3187 864 3273 superandum
888 3188 1052 3251 Isocrates
1078 3185 1139 3249 sibi
1163 3208 1282 3273 propo-

110 3290 217 3351 suisse
243 3289 380 3356 videtur.

201 3395 266 3459 sed
296 3399 361 3461 iam
392 3399 589 3464 accedamus
623 3400 665 3463 ad
697 3400 836 3464 alteram
866 3402 1069 3487 quaestionis
1098 3404 1227 3486 partem
1252 3409 1285 3463 et

109 3504 289 3585 videamus,
316 3505 500 3593 scriptorne
525 3506 686 3593 epitaphii
709 3509 946 3592 panegyricum
970 3507 1164 3571 adhibuerit.

200 3701 219 3759 ¹)
239 3699 292 3753 Vel
320 3698 497 3768 Olympiacus
526 3700 693 3756 brevissima
722 3700 812 3754 oratio
841 3700 927 3755 fuisse
953 3701 1067 3755 videtur
1092 3700 1286 3767 Isocratisque

109 3788 310 3855 panegyricum
328 3789 442 3843 minime
462 3790 603 3857 aequavit.
624 3789 658 3844 cf.
678 3789 780 3843 Blassii
799 3790 857 3845 Att.
877 3791 992 3845 Bereds.
1013 3790 1040 3842 1²
1058 3809 1085 3858 p.
1104 3790 1165 3843 433.

593 4082 804 4090 ψ
