3022 5032
740 285 781 348 32

259 481 322 544 ΙΙΙ.
365 488 416 550 καὶ
454 487 510 566 την
558 488 657 549 αὑτῶν
690 485 816 572 δύναμιν
848 486 1000 566 τοσαύτην
1035 485 1236 562 ἐπιδείξαντες
1271 482 1345 562 oga?

169 593 185 655 ό
209 596 308 678 μέγας
331 591 476 679 βασιλεὺς
499 593 599 656 οὐκέτι
621 600 682 655 τῶν
705 593 872 679 ἀλλοτρίων
896 593 1046 679 ἐπεθύμει,
1070 590 1138 656 ἀλλ’
1165 595 1266 657 ἐδίδου
1285 602 1348 656 τῶν

169 698 277 763 ἑαυτοῦ
301 701 352 764 καὶ
374 701 438 786 περὶ
464 709 525 763 τῶν
548 702 658 763 λοιπῶν
690 699 841 787 ἐφοβεῖτο,
875 695 944 780 (57)
975 703 1026 763 καὶ
1057 698 1126 764 οὔτε
1156 703 1285 786 τριήρεις
1316 701 1347 763 ἐν

172 807 273 892 ἐκείνῳ
297 816 341 892 τῷ
364 808 458 893 χρόνῳ
482 807 517 869 ἐκ
539 815 597 886 τής
619 804 727 882 Ἀσίας
750 805 897 870 ἔπλευσαν

260 909 294 972 ΙΙ
330 912 398 978 οὔτε
421 913 614 1000 τύραννος
642 915 673 976 ἐν
702 921 768 989 τοῖς
792 913 925 994 Ἕλλησι
951 918 1085 993 κατέστη
1111 913 1180 978 οὔτε
1203 913 1346 998 Ἑλληνὶς

168 1021 255 1097 πόλις
287 1023 340 1084 ὑπὸ
363 1028 423 1083 τῶν
447 1006 605 1108 βαρβάρων
628 1021 862 1107 ἠνδραποδίσθη.

259 1128 418 1209 Τοσαύτην
442 1129 630 1218 ςωφροσύνην
653 1130 704 1192 καὶ
726 1131 800 1204 δέος
822 1131 840 1208 i]
865 1128 979 1191 τούτων
1002 1128 1094 1214 ἀρετή
1118 1136 1206 1193 πᾶσιν
1230 1130 1345 1217 ἀνθρώ-

167 1258 233 1311 ποις
256 1243 401 1323 παρεῖχεν.
448 1236 494 1299 ὧν
523 1236 638 1300 ἕνεκα
666 1238 730 1299 δεῖ
753 1237 818 1298 καὶ
845 1237 1079 1321 προστάτας
1105 1245 1180 1300 τῶν
1201 1234 1345 1318 Ἑλλή-

167 1366 237 1405 νων
266 1344 331 1406 καὶ
360 1345 564 1430 ἡγεμόνας
593 1352 666 1407 τῶν
695 1344 847 1406 πόλεων
877 1342 1101 1427 γίγνεσθαι.

255 1445 312 1509 IV.
345 1444 413 1532 (58)
442 1447 617 1527 Ἐπέδειξαν
640 1453 676 1514 δὲ
703 1453 755 1514 καὶ
783 1451 814 1513 ἐν
841 1456 911 1525 ταῖς
938 1452 1113 1536 δυστυχίαις
1143 1453 1199 1530 την
1229 1449 1343 1514 ἑαυτῶν

167 1558 283 1643 ἀρετήν.
330 1553 540 1642 Ἀπολομένων
570 1561 627 1644 γὰρ
650 1566 710 1619 τῶν
734 1566 806 1620 νεῶν
830 1558 860 1620 ἐν
879 1555 1093 1640 Ἑλλησπόντῳ
1116 1554 1176 1618 εἴτε
1195 1557 1347 1642 ἡγεμόνος

165 1665 257 1750 κακία
281 1663 341 1727 εἴτε
365 1664 445 1727 θεῶν
466 1666 592 1750 διανοία,
617 1666 668 1726 καὶ
692 1671 847 1752 συμφορᾶς
870 1665 986 1744 ἐκείνης
1009 1665 1156 1749 μεγίστης
1178 1667 1343 1749 γενομένης

165 1771 223 1840 καὶ,
239 1773 308 1857 ἡμῖν
330 1777 395 1847 τοῖς
417 1772 623 1857 δυστυχήσασι
645 1773 696 1833 καὶ
718 1779 784 1846 τοῖς
813 1769 923 1845 ἄλλοις
944 1770 1100 1850 Ἕλλησιν,
1127 1771 1286 1849 ἐδήλωσαν
1309 1770 1343 1832 οὐ

166 1879 269 1962 πολλῷ
292 1878 386 1965 χρόνῳ
411 1879 533 1964 ὕστερον
560 1872 607 1957 (22
632 1879 697 1963 ἅμα
724 1873 852 1954 isoes),
886 1878 932 1940 ότι
955 1880 973 1956 ή
997 1885 1056 1956 τῆς
1078 1877 1197 1952 πόλεως
1216 1877 1345 1963 δύναμις

166 1991 224 2064 τῆς
247 1982 404 2061 Ἑλλάδος
426 1983 462 2064 ήν
486 1988 626 2071 σωτηρία.

253 2091 387 2178 Ἑτέρων
409 2087 467 2178 γὰρ’
491 2094 647 2178 ἡγεμόνοιν
676 2095 843 2177 γενομένων
872 2091 1010 2170 ἐνίκησαν
1039 2093 1092 2176 μὲν
1119 2098 1347 2177 ναυμαχοῦντες

166 2202 239 2274 τοὺς
259 2198 418 2279 Ἕλληνας
441 2200 468 2262 οἱ
491 2201 630 2286 πρότερον
655 2199 698 2274 είς
721 2201 776 2277 τήν
799 2198 962 2260 θάλασσαν
991 2198 1045 2260 οὐκ
1074 2196 1282 2282 ἐμβαίνοντες,
1316 2196 1345 2258 ἔ-

165 2306 298 2368 πλευσαν
321 2302 348 2368 δ’
375 2306 419 2381 εἰς
441 2308 497 2384 τήν
525 2306 684 2390 Εὐρώπην,
713 2305 889 2367 δουλεύουσι
911 2306 947 2367 δὲ
970 2305 1074 2379 πόλεις
1096 2311 1156 2365 τῶν
1177 2302 1345 2384 Ἑλλήνων,

168 2412 302 2499 τύραννοι
325 2409 351 2474 δ’
379 2411 594 2494 ἐγκαθεστᾶσιν
618 2460 624 2473 .
650 2461 655 2473 .
681 2460 686 2472 .
712 2460 718 2472 .

257 2523 295 2594 ὡς
317 2520 468 2604 δυστυχής
491 2519 544 2601 μὲν
567 2520 585 2597 ή
607 2516 725 2592 Ἑλλὰς
747 2517 889 2580 τοιούτων
914 2517 1028 2602 ἀνδρῶν
1052 2516 1163 2603 ὀρφανη
1187 2520 1345 2601 γενομένη,

169 2626 295 2711 εὐτυχής
317 2621 344 2686 δ’
373 2625 388 2686 ό
412 2631 467 2704 τῆς
490 2621 595 2700 Ἀσίας
618 2623 759 2711 βασιλεὺς
789 2623 896 2711 ἑτέρων
919 2624 1074 2710 ήγεμόνων
1097 2623 1265 2709 λαβόμενος

256 2738 295 2818 τῇ
328 2733 381 2816 μὲν
409 2734 467 2817 γὰρ
497 2731 612 2795 τούτων
641 2732 820 2820 στερηθείσήΙ
851 2729 987 2795 δουλεία
1006 2734 1208 2816 περιέστηκεν,
1240 2739 1283 2815 τῷ
1311 2725 1342 2792 δ’

169 2836 271 2901 ἄλλων
295 2837 449 2924 ἀρξάντων
472 2839 564 2918 ζήλος
588 2840 758 2925 ἐγγίγνεται
780 2847 835 2918 τῆς
857 2847 917 2901 τῶν
940 2839 1089 2922 προγόνων
1112 2839 1257 2913 διανοίας.

256 2942 357 3009 Ἀλλὰ
391 2953 491 3008 ταῦτα
530 2947 583 3030 μὲν
622 2945 754 3032 ἐξήχθην
792 2947 861 3030 ὑπὲρ
900 2947 1000 3025 πάσης
1038 2944 1245 3033 ὀλοφύρασθαι
1281 2950 1340 3023 τῆς

168 3051 337 3127 Ἑλλάδος.

258 3152 366 3238 Atque
384 3163 419 3216 ut
441 3155 581 3239 primum
605 3153 645 3218 de
669 3153 886 3240 paragraphis
911 3154 953 3217 55
978 3163 1009 3217 et
1032 3154 1074 3218 56
1100 3168 1146 3237 ηε
1162 3154 1192 3233 Ι)
1216 3153 1344 3237 loquar,

170 3282 344 3344 quemnam
368 3261 531 3325 adfinem
556 3261 698 3346 scriptor
720 3261 802 3325 haec
827 3261 934 3325 omnia
959 3260 1115 3324 disserit?
1161 3260 1289 3344 Nempe
1310 3270 1348 3321 ut

169 3366 421 3431 Atheniensium
445 3370 710 3453 pentecontaetia
743 3390 916 3432 caesorum
949 3367 1101 3432 virtutem
1131 3366 1346 3447 demonstret,

170 3497 254 3559 quae
280 3476 434 3557 cognosci
457 3474 564 3560 possit

260 3583 288 3644 1.
315 3602 352 3644 eo
379 3581 466 3665 quod
491 3581 665 3646 Graeciam
688 3581 919 3662 liberaverunt,

257 3689 286 3751 2.
314 3687 401 3772 quod
424 3691 610 3773 patriam
634 3689 868 3774 amplissimam
892 3689 1117 3751 reddiderunt:

258 3796 289 3878 a)
312 3793 497 3879 principatu
521 3797 729 3881 septuaginta
754 3819 921 3870 annorum,

255 3901 289 3985 b)
314 3923 396 3986 pace
427 3911 458 3964 et
490 3901 598 3987 quiete
631 3904 794 3967 sociorum
827 3903 1026 3987 participum
1057 3888 1218 3963 factorum
1242 3899 1346 3963 Athe·

168 4010 329 4073 niensium
352 4006 401 4070 rei
424 4007 589 4093 publicae,

257 4112 288 4199 o)
313 4114 410 4177 sociis
436 4136 502 4176 nou
528 4114 703 4178 debilitatis
729 4114 787 4177 sed
813 4114 1024 4176 confirmatis.

258 4220 348 4302 Quae
376 4222 403 4282 si
431 4242 659 4306 comparamus
685 4244 757 4284 cum
775 4221 930 4299 [socrate
957 4224 1066 4284 statim
1089 4223 1121 4283 in
1144 4220 1348 4306 panegyrico

168 4329 208 4392 de
234 4329 399 4391 sociorum
424 4328 565 4413 oppidis,
590 4329 625 4392 iu
651 4328 814 4414 epitaphio
839 4328 880 4392 de
896 4328 1037 4392 Athenis
1060 4326 1143 4412 ipsis
1169 4324 1233 4389 dici
1256 4326 1346 4390 vide-
