<?xml version="1.0" encoding="UTF-8"?>
<!DOCTYPE html PUBLIC "-//W3C//DTD XHTML 1.0 Transitional//EN"
    "http://www.w3.org/TR/xhtml1/DTD/xhtml1-transitional.dtd">
<html xmlns="http://www.w3.org/1999/xhtml" xml:lang="en" lang="en">
 <head>
  <title>
</title>
<meta http-equiv="Content-Type" content="text/html;charset=utf-8" />
  <meta name='ocr-system' content='tesseract 3.04.00' />
  <meta name='ocr-capabilities' content='ocr_page ocr_carea ocr_par ocr_line ocrx_word'/>
</head>
<body>
  <div class='ocr_page' id='page_1' title='image "./quaeratiointerc00wolfgoog_0031.png"; bbox 0 0 3022 5032; ppageno 0'>
   <div class='ocr_carea' id='block_1_1' title="bbox 675 1131 828 1213">
    <p class='ocr_par' dir='ltr' id='par_1_1' title="bbox 675 1131 828 1213">
     <span class='ocr_line' id='line_1_1' title="bbox 675 1131 828 1213; baseline 0.013 -2"><span class='ocrx_word' id='word_1_1' title='bbox 675 1131 763 1213; x_wconf 83' lang='lat' dir='ltr'>Pars</span> <span class='ocrx_word' id='word_1_2' title='bbox 793 1133 828 1213; x_wconf 94' lang='lat' dir='ltr'>u.</span> 
     </span>
    </p>
   </div>
   <div class='ocr_carea' id='block_1_2' title="bbox 167 1328 1337 1520">
    <p class='ocr_par' dir='ltr' id='par_1_2' title="bbox 167 1328 1337 1520">
     <span class='ocr_line' id='line_1_2' title="bbox 167 1328 1337 1417; baseline 0.008 -24"><span class='ocrx_word' id='word_1_3' title='bbox 167 1328 261 1417; x_wconf 62' lang='lat' dir='ltr'>Quem</span> <span class='ocrx_word' id='word_1_4' title='bbox 277 1329 371 1395; x_wconf 88' lang='lat' dir='ltr'>ratlo</span> <span class='ocrx_word' id='word_1_5' title='bbox 389 1329 589 1395; x_wconf 78' lang='lat' dir='ltr'><strong>intercedat</strong></span> <span class='ocrx_word' id='word_1_6' title='bbox 607 1329 704 1396; x_wconf 84' lang='lat' dir='ltr'>inter</span> <span class='ocrx_word' id='word_1_7' title='bbox 719 1328 848 1411; x_wconf 69' lang='lat' dir='ltr'>Lysiam</span> <span class='ocrx_word' id='word_1_8' title='bbox 873 1330 1096 1414; x_wconf 81' lang='lat' dir='ltr'>epitaphium</span> <span class='ocrx_word' id='word_1_9' title='bbox 1113 1335 1149 1398; x_wconf 90' lang='lat' dir='ltr'>et</span> <span class='ocrx_word' id='word_1_10' title='bbox 1164 1333 1337 1402; x_wconf 81' lang='lat' dir='ltr'>Isoeratis</span> 
     </span>
     <span class='ocr_line' id='line_1_3' title="bbox 617 1436 887 1520; baseline 0.004 -18"><span class='ocrx_word' id='word_1_11' title='bbox 617 1436 887 1520; x_wconf 77' lang='lat' dir='ltr'>panegyricum.</span> 
     </span>
    </p>
   </div>
   <div class='ocr_carea' id='block_1_3' title="bbox 164 1577 1341 4019">
    <p class='ocr_par' dir='ltr' id='par_1_3' title="bbox 164 1577 1339 2627">
     <span class='ocr_line' id='line_1_4' title="bbox 256 1577 1336 1669; baseline 0.006 -33"><span class='ocrx_word' id='word_1_12' title='bbox 256 1580 428 1642; x_wconf 78' lang='lat' dir='ltr'>(nationes</span> <span class='ocrx_word' id='word_1_13' title='bbox 459 1577 553 1643; x_wconf 85' lang='lat' dir='ltr'>nobis</span> <span class='ocrx_word' id='word_1_14' title='bbox 588 1577 880 1664; x_wconf 68' lang='lat' dir='ltr'>perlustrantibus,</span> <span class='ocrx_word' id='word_1_15' title='bbox 917 1602 1000 1664; x_wconf 63' lang='lat' dir='ltr'>«patere</span> <span class='ocrx_word' id='word_1_16' title='bbox 1028 1583 1059 1643; x_wconf 91' lang='lat' dir='ltr'>iu</span> <span class='ocrx_word' id='word_1_17' title='bbox 1092 1581 1245 1645; x_wconf 68' lang='lat' dir='ltr'>leonianum</span> <span class='ocrx_word' id='word_1_18' title='bbox 1275 1605 1336 1669; x_wconf 86' lang='lat' dir='ltr'>pru</span> 
     </span>
     <span class='ocr_line' id='line_1_5' title="bbox 164 1679 1335 1774; baseline 0.002 -24"><span class='ocrx_word' id='word_1_19' title='bbox 164 1684 269 1772; x_wconf 79' lang='lat' dir='ltr'>patria</span> <span class='ocrx_word' id='word_1_20' title='bbox 293 1700 490 1750; x_wconf 86' lang='lat' dir='ltr'>mortuorum</span> <span class='ocrx_word' id='word_1_21' title='bbox 509 1685 651 1750; x_wconf 86' lang='lat' dir='ltr'>Athenis</span> <span class='ocrx_word' id='word_1_22' title='bbox 675 1685 804 1750; x_wconf 86' lang='lat' dir='ltr'>habitae</span> <span class='ocrx_word' id='word_1_23' title='bbox 828 1698 913 1767; x_wconf 78' lang='lat' dir='ltr'>suut,</span> <span class='ocrx_word' id='word_1_24' title='bbox 939 1689 1055 1751; x_wconf 86' lang='lat' dir='ltr'>mirum</span> <span class='ocrx_word' id='word_1_25' title='bbox 1072 1688 1213 1767; x_wconf 83' lang='lat' dir='ltr'>videtur,</span> <span class='ocrx_word' id='word_1_26' title='bbox 1240 1679 1335 1774; x_wconf 82' lang='lat' dir='ltr'>quam</span> 
     </span>
     <span class='ocr_line' id='line_1_6' title="bbox 165 1782 1335 1880; baseline 0.004 -25"><span class='ocrx_word' id='word_1_27' title='bbox 165 1792 275 1857; x_wconf 88' lang='lat' dir='ltr'>multis</span> <span class='ocrx_word' id='word_1_28' title='bbox 300 1791 380 1857; x_wconf 87' lang='lat' dir='ltr'>lueis</span> <span class='ocrx_word' id='word_1_29' title='bbox 405 1795 620 1858; x_wconf 79' lang='lat' dir='ltr'>consentiant.</span> <span class='ocrx_word' id='word_1_30' title='bbox 669 1794 761 1872; x_wconf 57' lang='lat' dir='ltr'>(Quae</span> <span class='ocrx_word' id='word_1_31' title='bbox 787 1804 895 1857; x_wconf 87' lang='lat' dir='ltr'>tamen</span> <span class='ocrx_word' id='word_1_32' title='bbox 912 1794 1083 1859; x_wconf 70' lang='lat' dir='ltr'>consensio</span> <span class='ocrx_word' id='word_1_33' title='bbox 1105 1782 1240 1880; x_wconf 76' lang='lat' dir='ltr'>proptor</span> <span class='ocrx_word' id='word_1_34' title='bbox 1265 1818 1335 1859; x_wconf 82' lang='lat' dir='ltr'>ura-</span> 
     </span>
     <span class='ocr_line' id='line_1_7' title="bbox 165 1899 1338 1986; baseline 0.003 -24"><span class='ocrx_word' id='word_1_35' title='bbox 165 1899 288 1964; x_wconf 88' lang='lat' dir='ltr'>tionum</span> <span class='ocrx_word' id='word_1_36' title='bbox 320 1922 424 1984; x_wconf 83' lang='lat' dir='ltr'>genus</span> <span class='ocrx_word' id='word_1_37' title='bbox 453 1924 519 1964; x_wconf 89' lang='lat' dir='ltr'>non</span> <span class='ocrx_word' id='word_1_38' title='bbox 552 1901 660 1963; x_wconf 88' lang='lat' dir='ltr'>statim</span> <span class='ocrx_word' id='word_1_39' title='bbox 690 1900 735 1962; x_wconf 85' lang='lat' dir='ltr'>ita</span> <span class='ocrx_word' id='word_1_40' title='bbox 766 1899 964 1985; x_wconf 73' lang='lat' dir='ltr'>explicanda</span> <span class='ocrx_word' id='word_1_41' title='bbox 993 1903 1055 1978; x_wconf 84' lang='lat' dir='ltr'>est,</span> <span class='ocrx_word' id='word_1_42' title='bbox 1088 1910 1123 1964; x_wconf 90' lang='lat' dir='ltr'>ut</span> <span class='ocrx_word' id='word_1_43' title='bbox 1152 1903 1293 1986; x_wconf 82' lang='lat' dir='ltr'>priorem</span> <span class='ocrx_word' id='word_1_44' title='bbox 1319 1926 1338 1966; x_wconf 84' lang='lat' dir='ltr'>a</span> 
     </span>
     <span class='ocr_line' id='line_1_8' title="bbox 165 2005 1336 2094; baseline -0.003 -24"><span class='ocrx_word' id='word_1_45' title='bbox 165 2006 345 2093; x_wconf 87' lang='lat' dir='ltr'>posteriore</span> <span class='ocrx_word' id='word_1_46' title='bbox 370 2005 578 2093; x_wconf 82' lang='lat' dir='ltr'>eornpiiatunr</span> <span class='ocrx_word' id='word_1_47' title='bbox 604 2029 677 2069; x_wconf 85' lang='lat' dir='ltr'>esse</span> <span class='ocrx_word' id='word_1_48' title='bbox 695 2009 885 2071; x_wconf 82' lang='lat' dir='ltr'>statuamus.</span> <span class='ocrx_word' id='word_1_49' title='bbox 932 2006 1060 2071; x_wconf 74' lang='lat' dir='ltr'>Etenim</span> <span class='ocrx_word' id='word_1_50' title='bbox 1086 2031 1159 2071; x_wconf 63' lang='lat' dir='ltr'>reum</span> <span class='ocrx_word' id='word_1_51' title='bbox 1177 2031 1336 2094; x_wconf 83' lang='lat' dir='ltr'>persaepe</span> 
     </span>
     <span class='ocr_line' id='line_1_9' title="bbox 168 2112 1338 2201; baseline 0.003 -26"><span class='ocrx_word' id='word_1_52' title='bbox 168 2112 325 2178; x_wconf 86' lang='lat' dir='ltr'>eiusmodi</span> <span class='ocrx_word' id='word_1_53' title='bbox 356 2115 521 2179; x_wconf 86' lang='lat' dir='ltr'>orationes</span> <span class='ocrx_word' id='word_1_54' title='bbox 557 2113 758 2178; x_wconf 77' lang='lat' dir='ltr'>haberentur</span> <span class='ocrx_word' id='word_1_55' title='bbox 786 2136 957 2199; x_wconf 83' lang='lat' dir='ltr'>novaeque</span> <span class='ocrx_word' id='word_1_56' title='bbox 988 2115 1172 2180; x_wconf 84' lang='lat' dir='ltr'>sententiae</span> <span class='ocrx_word' id='word_1_57' title='bbox 1202 2138 1338 2201; x_wconf 82' lang='lat' dir='ltr'>perrara</span> 
     </span>
     <span class='ocr_line' id='line_1_10' title="bbox 166 2220 1336 2308; baseline 0 -24"><span class='ocrx_word' id='word_1_58' title='bbox 166 2220 373 2304; x_wconf 64' lang='lat' dir='ltr'>adniterentur,</span> <span class='ocrx_word' id='word_1_59' title='bbox 399 2221 471 2285; x_wconf 85' lang='lat' dir='ltr'>fieri</span> <span class='ocrx_word' id='word_1_60' title='bbox 488 2244 552 2286; x_wconf 89' lang='lat' dir='ltr'>non</span> <span class='ocrx_word' id='word_1_61' title='bbox 577 2220 694 2307; x_wconf 85' lang='lat' dir='ltr'>potuit.</span> <span class='ocrx_word' id='word_1_62' title='bbox 720 2220 798 2307; x_wconf 87' lang='lat' dir='ltr'>quin</span> <span class='ocrx_word' id='word_1_63' title='bbox 823 2244 933 2285; x_wconf 58' lang='lat' dir='ltr'>rennues</span> <span class='ocrx_word' id='word_1_64' title='bbox 950 2221 1019 2285; x_wconf 85' lang='lat' dir='ltr'>fere</span> <span class='ocrx_word' id='word_1_65' title='bbox 1045 2221 1204 2308; x_wconf 89' lang='lat' dir='ltr'>epitaphii·</span> <span class='ocrx_word' id='word_1_66' title='bbox 1224 2222 1336 2286; x_wconf 86' lang='lat' dir='ltr'>multis</span> 
     </span>
     <span class='ocr_line' id='line_1_11' title="bbox 165 2326 1336 2414; baseline -0.001 -22"><span class='ocrx_word' id='word_1_67' title='bbox 165 2326 247 2393; x_wconf 84' lang='lat' dir='ltr'>loeis</span> <span class='ocrx_word' id='word_1_68' title='bbox 278 2330 511 2392; x_wconf 75' lang='lat' dir='ltr'>consentirent.</span> <span class='ocrx_word' id='word_1_69' title='bbox 568 2329 682 2414; x_wconf 85' lang='lat' dir='ltr'>ltaque</span> <span class='ocrx_word' id='word_1_70' title='bbox 719 2327 813 2391; x_wconf 88' lang='lat' dir='ltr'>valde</span> <span class='ocrx_word' id='word_1_71' title='bbox 846 2340 985 2406; x_wconf 85' lang='lat' dir='ltr'>erraret,</span> <span class='ocrx_word' id='word_1_72' title='bbox 1016 2329 1070 2413; x_wconf 85' lang='lat' dir='ltr'>qui</span> <span class='ocrx_word' id='word_1_73' title='bbox 1104 2329 1184 2392; x_wconf 88' lang='lat' dir='ltr'>duas</span> <span class='ocrx_word' id='word_1_74' title='bbox 1213 2339 1336 2393; x_wconf 88' lang='lat' dir='ltr'>tantum</span> 
     </span>
     <span class='ocr_line' id='line_1_12' title="bbox 166 2436 1339 2521; baseline -0.001 -21"><span class='ocrx_word' id='word_1_75' title='bbox 166 2438 329 2500; x_wconf 85' lang='lat' dir='ltr'>orationes</span> <span class='ocrx_word' id='word_1_76' title='bbox 361 2437 443 2498; x_wconf 84' lang='lat' dir='ltr'>inter</span> <span class='ocrx_word' id='word_1_77' title='bbox 468 2456 501 2498; x_wconf 84' lang='lat' dir='ltr'>se</span> <span class='ocrx_word' id='word_1_78' title='bbox 533 2440 743 2519; x_wconf 85' lang='lat' dir='ltr'>eompararet</span> <span class='ocrx_word' id='word_1_79' title='bbox 767 2444 1014 2521; x_wconf 76' lang='lat' dir='ltr'>sotera-rumque</span> <span class='ocrx_word' id='word_1_80' title='bbox 1042 2437 1165 2500; x_wconf 87' lang='lat' dir='ltr'>ratione</span> <span class='ocrx_word' id='word_1_81' title='bbox 1191 2459 1253 2498; x_wconf 71' lang='lat' dir='ltr'>nem</span> <span class='ocrx_word' id='word_1_82' title='bbox 1284 2436 1339 2499; x_wconf 88' lang='lat' dir='ltr'>ha·</span> 
     </span>
     <span class='ocr_line' id='line_1_13' title="bbox 165 2541 940 2627; baseline -0.003 -22"><span class='ocrx_word' id='word_1_83' title='bbox 165 2542 233 2606; x_wconf 87' lang='lat' dir='ltr'>bita</span> <span class='ocrx_word' id='word_1_84' title='bbox 256 2541 458 2618; x_wconf 82' lang='lat' dir='ltr'>diiudiearet‚</span> <span class='ocrx_word' id='word_1_85' title='bbox 486 2551 556 2605; x_wconf 87' lang='lat' dir='ltr'>utra</span> <span class='ocrx_word' id='word_1_86' title='bbox 580 2563 620 2606; x_wconf 85' lang='lat' dir='ltr'>ex</span> <span class='ocrx_word' id='word_1_87' title='bbox 644 2541 745 2605; x_wconf 87' lang='lat' dir='ltr'>altera</span> <span class='ocrx_word' id='word_1_88' title='bbox 769 2541 940 2627; x_wconf 81' lang='lat' dir='ltr'>penderet.</span> 
     </span>
    </p>

    <p class='ocr_par' dir='ltr' id='par_1_4' title="bbox 164 2647 1341 3590">
     <span class='ocr_line' id='line_1_14' title="bbox 256 2647 1339 2736; baseline -0.004 -23"><span class='ocrx_word' id='word_1_89' title='bbox 256 2649 488 2713; x_wconf 85' lang='lat' dir='ltr'>Verumtamen</span> <span class='ocrx_word' id='word_1_90' title='bbox 512 2647 552 2712; x_wconf 88' lang='lat' dir='ltr'>de</span> <span class='ocrx_word' id='word_1_91' title='bbox 569 2647 692 2734; x_wconf 85' lang='lat' dir='ltr'>Lysiae</span> <span class='ocrx_word' id='word_1_92' title='bbox 717 2649 880 2736; x_wconf 86' lang='lat' dir='ltr'>epitaphio</span> <span class='ocrx_word' id='word_1_93' title='bbox 905 2659 937 2712; x_wconf 90' lang='lat' dir='ltr'>et</span> <span class='ocrx_word' id='word_1_94' title='bbox 958 2649 1112 2712; x_wconf 84' lang='lat' dir='ltr'>Isocratis</span> <span class='ocrx_word' id='word_1_95' title='bbox 1137 2652 1339 2735; x_wconf 77' lang='lat' dir='ltr'>panegyrico</span> 
     </span>
     <span class='ocr_line' id='line_1_15' title="bbox 164 2755 1336 2841; baseline -0.003 -21"><span class='ocrx_word' id='word_1_96' title='bbox 164 2780 261 2820; x_wconf 85' lang='lat' dir='ltr'>nemu</span> <span class='ocrx_word' id='word_1_97' title='bbox 287 2755 394 2820; x_wconf 86' lang='lat' dir='ltr'>adhue</span> <span class='ocrx_word' id='word_1_98' title='bbox 419 2755 591 2838; x_wconf 76' lang='lat' dir='ltr'>dubitarit,</span> <span class='ocrx_word' id='word_1_99' title='bbox 618 2757 695 2841; x_wconf 89' lang='lat' dir='ltr'>quin</span> <span class='ocrx_word' id='word_1_100' title='bbox 719 2755 800 2820; x_wconf 88' lang='lat' dir='ltr'>alter</span> <span class='ocrx_word' id='word_1_101' title='bbox 823 2755 961 2820; x_wconf 85' lang='lat' dir='ltr'>alterum</span> <span class='ocrx_word' id='word_1_102' title='bbox 987 2755 1207 2841; x_wconf 78' lang='lat' dir='ltr'>exscripserit.</span> <span class='ocrx_word' id='word_1_103' title='bbox 1253 2755 1336 2820; x_wconf 70' lang='lat' dir='ltr'>Naun</span> 
     </span>
     <span class='ocr_line' id='line_1_16' title="bbox 165 2861 1335 2949; baseline -0.003 -22"><span class='ocrx_word' id='word_1_104' title='bbox 165 2886 269 2949; x_wconf 82' lang='lat' dir='ltr'>neque</span> <span class='ocrx_word' id='word_1_105' title='bbox 300 2886 379 2927; x_wconf 83' lang='lat' dir='ltr'>easu</span> <span class='ocrx_word' id='word_1_106' title='bbox 408 2861 548 2948; x_wconf 84' lang='lat' dir='ltr'>quedam</span> <span class='ocrx_word' id='word_1_107' title='bbox 577 2874 642 2926; x_wconf 83' lang='lat' dir='ltr'>tarn</span> <span class='ocrx_word' id='word_1_108' title='bbox 672 2883 771 2946; x_wconf 83' lang='lat' dir='ltr'>saepe</span> <span class='ocrx_word' id='word_1_109' title='bbox 800 2863 912 2926; x_wconf 83' lang='lat' dir='ltr'>eadem</span> <span class='ocrx_word' id='word_1_110' title='bbox 943 2863 1046 2926; x_wconf 73' lang='lat' dir='ltr'>vana</span> <span class='ocrx_word' id='word_1_111' title='bbox 1079 2864 1221 2927; x_wconf 82' lang='lat' dir='ltr'>invenire</span> <span class='ocrx_word' id='word_1_112' title='bbox 1244 2872 1335 2947; x_wconf 88' lang='lat' dir='ltr'>potu-</span> 
     </span>
     <span class='ocr_line' id='line_1_17' title="bbox 166 2968 1336 3055; baseline -0.003 -21"><span class='ocrx_word' id='word_1_113' title='bbox 166 2975 272 3045; x_wconf 86' lang='lat' dir='ltr'>erunt,</span> <span class='ocrx_word' id='word_1_114' title='bbox 301 2993 410 3055; x_wconf 85' lang='lat' dir='ltr'>neque</span> <span class='ocrx_word' id='word_1_115' title='bbox 435 2991 476 3033; x_wconf 88' lang='lat' dir='ltr'>ex</span> <span class='ocrx_word' id='word_1_116' title='bbox 505 2969 668 3033; x_wconf 81' lang='lat' dir='ltr'>communi</span> <span class='ocrx_word' id='word_1_117' title='bbox 691 2968 783 3033; x_wconf 86' lang='lat' dir='ltr'>fonte</span> <span class='ocrx_word' id='word_1_118' title='bbox 810 2968 924 3034; x_wconf 86' lang='lat' dir='ltr'>neseio</span> <span class='ocrx_word' id='word_1_119' title='bbox 950 2993 1013 3055; x_wconf 87' lang='lat' dir='ltr'>quo</span> <span class='ocrx_word' id='word_1_120' title='bbox 1042 2979 1088 3045; x_wconf 74' lang='lat' dir='ltr'>tot</span> <span class='ocrx_word' id='word_1_121' title='bbox 1111 2969 1201 3033; x_wconf 87' lang='lat' dir='ltr'>loeos</span> <span class='ocrx_word' id='word_1_122' title='bbox 1226 2991 1336 3032; x_wconf 86' lang='lat' dir='ltr'>omnes</span> 
     </span>
     <span class='ocr_line' id='line_1_18' title="bbox 164 3074 1338 3159; baseline 0 -19"><span class='ocrx_word' id='word_1_123' title='bbox 164 3077 245 3140; x_wconf 86' lang='lat' dir='ltr'>mire</span> <span class='ocrx_word' id='word_1_124' title='bbox 282 3099 445 3141; x_wconf 72' lang='lat' dir='ltr'>consensu</span> <span class='ocrx_word' id='word_1_125' title='bbox 480 3078 631 3140; x_wconf 89' lang='lat' dir='ltr'>mutuari.</span> <span class='ocrx_word' id='word_1_126' title='bbox 679 3074 782 3140; x_wconf 82' lang='lat' dir='ltr'>Multo</span> <span class='ocrx_word' id='word_1_127' title='bbox 813 3076 913 3159; x_wconf 89' lang='lat' dir='ltr'>igitur</span> <span class='ocrx_word' id='word_1_128' title='bbox 943 3075 1153 3141; x_wconf 79' lang='lat' dir='ltr'>verisimilius</span> <span class='ocrx_word' id='word_1_129' title='bbox 1184 3085 1231 3141; x_wconf 88' lang='lat' dir='ltr'>est</span> <span class='ocrx_word' id='word_1_130' title='bbox 1261 3076 1338 3140; x_wconf 89' lang='lat' dir='ltr'>alte-</span> 
     </span>
     <span class='ocr_line' id='line_1_19' title="bbox 165 3182 1339 3270; baseline -0.001 -23"><span class='ocrx_word' id='word_1_131' title='bbox 165 3206 235 3247; x_wconf 89' lang='lat' dir='ltr'>rum</span> <span class='ocrx_word' id='word_1_132' title='bbox 266 3186 369 3247; x_wconf 88' lang='lat' dir='ltr'>virum</span> <span class='ocrx_word' id='word_1_133' title='bbox 400 3188 467 3247; x_wconf 88' lang='lat' dir='ltr'>tam</span> <span class='ocrx_word' id='word_1_134' title='bbox 492 3183 699 3270; x_wconf 88' lang='lat' dir='ltr'>impudenter</span> <span class='ocrx_word' id='word_1_135' title='bbox 731 3182 948 3269; x_wconf 81' lang='lat' dir='ltr'>exscripsisse</span> <span class='ocrx_word' id='word_1_136' title='bbox 975 3207 1070 3269; x_wconf 81' lang='lat' dir='ltr'>quam</span> <span class='ocrx_word' id='word_1_137' title='bbox 1101 3193 1271 3270; x_wconf 88' lang='lat' dir='ltr'>utrumque</span> <span class='ocrx_word' id='word_1_138' title='bbox 1296 3182 1339 3246; x_wconf 89' lang='lat' dir='ltr'>ei·</span> 
     </span>
     <span class='ocr_line' id='line_1_20' title="bbox 165 3289 1338 3376; baseline 0 -22"><span class='ocrx_word' id='word_1_139' title='bbox 165 3291 238 3355; x_wconf 85' lang='lat' dir='ltr'>dem</span> <span class='ocrx_word' id='word_1_140' title='bbox 261 3301 396 3376; x_wconf 75' lang='lat' dir='ltr'>peceato</span> <span class='ocrx_word' id='word_1_141' title='bbox 421 3291 596 3355; x_wconf 85' lang='lat' dir='ltr'>obnoxium</span> <span class='ocrx_word' id='word_1_142' title='bbox 621 3311 701 3354; x_wconf 86' lang='lat' dir='ltr'>esse.</span> <span class='ocrx_word' id='word_1_143' title='bbox 751 3289 802 3354; x_wconf 87' lang='lat' dir='ltr'>De</span> <span class='ocrx_word' id='word_1_144' title='bbox 827 3290 989 3355; x_wconf 80' lang='lat' dir='ltr'>communi</span> <span class='ocrx_word' id='word_1_145' title='bbox 1010 3290 1100 3354; x_wconf 84' lang='lat' dir='ltr'>fonte</span> <span class='ocrx_word' id='word_1_146' title='bbox 1125 3301 1191 3352; x_wconf 89' lang='lat' dir='ltr'>tum</span> <span class='ocrx_word' id='word_1_147' title='bbox 1216 3289 1338 3371; x_wconf 71' lang='lat' dir='ltr'>eogita-</span> 
     </span>
     <span class='ocr_line' id='line_1_21' title="bbox 166 3395 1341 3485; baseline -0.003 -22"><span class='ocrx_word' id='word_1_148' title='bbox 166 3399 279 3481; x_wconf 77' lang='lat' dir='ltr'>bimrm,</span> <span class='ocrx_word' id='word_1_149' title='bbox 305 3398 334 3462; x_wconf 88' lang='lat' dir='ltr'>si</span> <span class='ocrx_word' id='word_1_150' title='bbox 357 3403 417 3463; x_wconf 89' lang='lat' dir='ltr'>aut</span> <span class='ocrx_word' id='word_1_151' title='bbox 432 3397 519 3485; x_wconf 86' lang='lat' dir='ltr'>apud</span> <span class='ocrx_word' id='word_1_152' title='bbox 537 3400 664 3462; x_wconf 86' lang='lat' dir='ltr'>eeteros</span> <span class='ocrx_word' id='word_1_153' title='bbox 689 3398 824 3461; x_wconf 85' lang='lat' dir='ltr'>eandem</span> <span class='ocrx_word' id='word_1_154' title='bbox 842 3399 1038 3461; x_wconf 87' lang='lat' dir='ltr'>sententiam</span> <span class='ocrx_word' id='word_1_155' title='bbox 1054 3395 1258 3460; x_wconf 86' lang='lat' dir='ltr'>inveniemus</span> <span class='ocrx_word' id='word_1_156' title='bbox 1284 3408 1341 3460; x_wconf 89' lang='lat' dir='ltr'>aut</span> 
     </span>
     <span class='ocr_line' id='line_1_22' title="bbox 165 3503 921 3590; baseline -0.004 -19"><span class='ocrx_word' id='word_1_157' title='bbox 165 3529 206 3571; x_wconf 87' lang='lat' dir='ltr'>ex</span> <span class='ocrx_word' id='word_1_158' title='bbox 228 3505 460 3570; x_wconf 85' lang='lat' dir='ltr'>enuntiationis</span> <span class='ocrx_word' id='word_1_159' title='bbox 484 3504 589 3568; x_wconf 88' lang='lat' dir='ltr'>ferma</span> <span class='ocrx_word' id='word_1_160' title='bbox 611 3503 646 3567; x_wconf 85' lang='lat' dir='ltr'>id</span> <span class='ocrx_word' id='word_1_161' title='bbox 670 3504 777 3588; x_wconf 81' lang='lat' dir='ltr'>colligi</span> <span class='ocrx_word' id='word_1_162' title='bbox 800 3508 921 3590; x_wconf 88' lang='lat' dir='ltr'>potest.</span> 
     </span>
    </p>

    <p class='ocr_par' dir='ltr' id='par_1_5' title="bbox 165 3610 1340 4019">
     <span class='ocr_line' id='line_1_23' title="bbox 253 3610 1338 3698; baseline -0.004 -20"><span class='ocrx_word' id='word_1_163' title='bbox 253 3612 374 3678; x_wconf 85' lang='lat' dir='ltr'>Restat</span> <span class='ocrx_word' id='word_1_164' title='bbox 396 3612 504 3697; x_wconf 80' lang='lat' dir='ltr'>igitur,</span> <span class='ocrx_word' id='word_1_165' title='bbox 536 3621 571 3674; x_wconf 92' lang='lat' dir='ltr'>ut</span> <span class='ocrx_word' id='word_1_166' title='bbox 594 3612 759 3676; x_wconf 80' lang='lat' dir='ltr'>Isocrates</span> <span class='ocrx_word' id='word_1_167' title='bbox 785 3612 987 3698; x_wconf 86' lang='lat' dir='ltr'>epitaphium</span> <span class='ocrx_word' id='word_1_168' title='bbox 1010 3610 1131 3696; x_wconf 81' lang='lat' dir='ltr'>Lysiae</span> <span class='ocrx_word' id='word_1_169' title='bbox 1156 3623 1211 3675; x_wconf 88' lang='lat' dir='ltr'>aut</span> <span class='ocrx_word' id='word_1_170' title='bbox 1236 3611 1338 3697; x_wconf 86' lang='lat' dir='ltr'>epita-</span> 
     </span>
     <span class='ocr_line' id='line_1_24' title="bbox 165 3716 1340 3806; baseline 0 -24"><span class='ocrx_word' id='word_1_171' title='bbox 165 3721 232 3806; x_wconf 89' lang='lat' dir='ltr'>phii</span> <span class='ocrx_word' id='word_1_172' title='bbox 260 3724 375 3784; x_wconf 79' lang='lat' dir='ltr'>auster</span> <span class='ocrx_word' id='word_1_173' title='bbox 406 3721 642 3806; x_wconf 61' lang='lat' dir='ltr'>uatniigyrieum</span> <span class='ocrx_word' id='word_1_174' title='bbox 676 3718 874 3797; x_wconf 53' lang='lat' dir='ltr'>adhibuerim</span> <span class='ocrx_word' id='word_1_175' title='bbox 907 3716 1066 3782; x_wconf 87' lang='lat' dir='ltr'>nonnulla</span> <span class='ocrx_word' id='word_1_176' title='bbox 1094 3721 1267 3801; x_wconf 83' lang='lat' dir='ltr'>praeterea</span> <span class='ocrx_word' id='word_1_177' title='bbox 1299 3741 1340 3782; x_wconf 86' lang='lat' dir='ltr'>ex</span> 
     </span>
     <span class='ocr_line' id='line_1_25' title="bbox 166 3825 1340 3908; baseline -0.002 -18"><span class='ocrx_word' id='word_1_178' title='bbox 166 3829 328 3891; x_wconf 85' lang='lat' dir='ltr'>communi</span> <span class='ocrx_word' id='word_1_179' title='bbox 357 3827 444 3890; x_wconf 85' lang='lat' dir='ltr'>fonte</span> <span class='ocrx_word' id='word_1_180' title='bbox 477 3825 597 3888; x_wconf 87' lang='lat' dir='ltr'>hausta</span> <span class='ocrx_word' id='word_1_181' title='bbox 631 3848 706 3887; x_wconf 86' lang='lat' dir='ltr'>esse</span> <span class='ocrx_word' id='word_1_182' title='bbox 740 3848 804 3887; x_wconf 87' lang='lat' dir='ltr'>non</span> <span class='ocrx_word' id='word_1_183' title='bbox 837 3849 953 3908; x_wconf 78' lang='lat' dir='ltr'>negem</span> <span class='ocrx_word' id='word_1_184' title='bbox 985 3828 1120 3908; x_wconf 88' lang='lat' dir='ltr'>propter</span> <span class='ocrx_word' id='word_1_185' title='bbox 1155 3826 1340 3889; x_wconf 85' lang='lat' dir='ltr'>orationum</span> 
     </span>
     <span class='ocr_line' id='line_1_26' title="bbox 165 3957 280 4019; baseline -0.009 -22"><span class='ocrx_word' id='word_1_186' title='bbox 165 3957 280 4019; x_wconf 83' lang='lat' dir='ltr'>genus.</span> 
     </span>
    </p>
   </div>
   <div class='ocr_carea' id='block_1_4' title="bbox 0 0 1516 5032">
    <p class='ocr_par' dir='ltr' id='par_1_6' title="bbox 0 0 1516 5032">
     <span class='ocr_line' id='line_1_27' title="bbox 0 0 1516 5032; baseline 0 0"><span class='ocrx_word' id='word_1_187' title='bbox 0 0 1516 5032; x_wconf 95' lang='lat' dir='ltr'> </span> 
     </span>
    </p>
   </div>
  </div>
 </body>
</html>
