3022 5032
736 304 778 369 28

167 499 256 563 enim
281 498 408 562 fabulas
433 502 607 587 omniaque
630 500 717 564 bella
740 501 814 565 ideo
839 514 1140 587 commemorantur,
1164 513 1200 566 ut
1224 503 1341 569 laudes

168 605 422 670 Atheniensium
448 617 612 692 repeteret
635 609 786 693 scriptor.

258 712 284 777 I.
309 713 481 798 praefatio:
507 713 623 778 iisdem
646 713 717 778 fere
742 714 891 779 omnibus
917 720 1087 781 sententiis
1112 718 1236 806 passim
1254 719 1343 804 apud

171 820 358 884 Isocratem
383 822 592 885 occurrimus

258 927 293 989 ll
317 927 358 991 de
384 927 635 991 Atheniensium
657 927 770 992 bellis:

524 1035 551 1097 1.
577 1034 619 1097 de
642 1034 866 1101 Amazonibus
891 1036 989 1099 4-6.

522 1142 552 1204 2.
577 1141 617 1205 de
640 1140 787 1206 Adrasto
813 1142 930 1206 7-10.

521 1249 552 1312 3.
577 1249 618 1311 de
642 1248 827 1311 Heraclidis
855 1249 993 1313 11-16.

256 1354 385 1417 Deinde
409 1354 660 1418 Atheniensium
683 1352 847 1435 laudihrm,
876 1376 958 1441 quas
983 1357 1016 1417 in
1039 1378 1119 1441 pace
1142 1368 1340 1437 meruerunt,

165 1459 429 1544 (autochthonia,
469 1482 503 1523 re
541 1457 692 1544 publica,
731 1459 875 1544 legibus)
914 1461 1073 1547 expositis
1113 1462 1256 1547 scriptor
1293 1461 1341 1525 ita

167 1566 286 1653 pergit,
313 1571 350 1629 ut
649 1602 652 1617 =

520 1672 551 1736 4.
576 1672 616 1736 de
640 1672 738 1736 hellis
761 1674 938 1737 Persarum
969 1675 1098 1740 20-47
1132 1675 1182 1757 (de
1213 1675 1341 1760 proelio

575 1780 762 1845 Plataeensi
785 1777 801 1813 *
825 1781 980 1865 44-47),
1311 1810 1315 1818 ¹

521 1885 551 1949 ἶ).
578 1886 617 1950 de
642 1889 904 1974 pentecontaetia
927 1886 943 1921 ’¹‘
967 1888 1098 1952 48-53

166 1993 393 2078 copiosissime
419 1993 514 2058 dicat.

259 2098 418 2185 Sequitur
446 2103 465 2179 ἕ
490 2099 620 2164 54-57
655 2100 767 2164 brevis
799 2099 930 2164 illorum
960 2106 1145 2186 temporum
1175 2100 1343 2165 felicitatis

167 2205 346 2292 descriptio
372 2211 407 2269 et
429 2206 562 2271 58-60
586 2229 697 2270 eorum
720 2207 999 2271 incommodorum
1024 2207 1235 2294 enumeratio,
1260 2230 1344 2294 quae

167 2319 245 2398 post
267 2312 390 2378 bellum
413 2313 729 2403 Peloponnesiacum
753 2312 891 2379 Graecis
915 2313 1117 2378 acciderunt.
1165 2313 1249 2378 Tum
1272 2337 1344 2401 per·

165 2425 300 2484 severat
322 2423 356 2483 in
379 2420 531 2485 laudibus
557 2420 807 2484 Atheniensium
831 2426 866 2483 et
888 2420 1030 2508 loquitur

488 2527 518 2591 6.
545 2527 585 2591 de
609 2526 817 2611 Thrasybulo
841 2526 857 2561 *
881 2528 1022 2610 61-65,

488 2634 517 2696 7.
542 2634 583 2696 de
608 2635 841 2698 mercennariis
865 2632 881 2668 '¹‘
905 2635 957 2699 66.
1108 2711 1111 2716 ⁴

257 2744 284 2804 A
310 2740 517 2827 paragrapho
542 2741 583 2804 67
609 2762 713 2827 usque
738 2741 781 2805 ad
804 2740 902 2804 finem
923 2740 1106 2829 epitaphius
1124 2744 1196 2828 ipse
1212 2742 1341 2826 legitur.

256 2845 395 2910 Praeter
425 2852 583 2933 quattuor
616 2847 692 2910 illas
721 2855 831 2932 partes
861 2850 1016 2913 asterisco
1051 2848 1198 2932 signatas
1232 2848 1341 2913 omnia

166 2952 238 3017 fere
262 2952 377 3017 iisdem
401 2974 501 3039 saepe
526 2952 635 3017 verbis
660 2953 746 3037 apud
770 2953 952 3017 Isocratem
981 2953 1167 3017 invenimus
1202 2953 1344 3040 (praeter

166 3059 328 3147 proelium
352 3059 559 3137 Plataeense,
585 3061 891 3145 pentecontaetiam,
918 3059 1119 3146 Thrasybuli
1142 3066 1176 3125 et
1198 3084 1343 3126 mercen·

166 3166 331 3231 uariorum
356 3165 495 3253 laudes).

307 3382 340 3445 ’2.
376 3379 472 3470 quae
497 3380 673 3448 Isocrafis
698 3381 771 3446 sint
794 3381 964 3464 propriae
989 3381 1201 3447 sententiae.

256 3488 379 3552 Tamen
405 3510 442 3552 ea
466 3510 500 3552 re
524 3488 670 3552 nondum
694 3487 933 3552 demonstratur
955 3487 1155 3574 epitaphium
1180 3510 1220 3552 ex
1242 3511 1342 3574 pane-

163 3596 278 3679 gyrico
315 3604 502 3681 excerptum
539 3616 621 3658 esse.
675 3595 792 3679 Itaque
828 3593 1009 3658 isocratem
1045 3596 1071 3657 si
1106 3594 1140 3658 in
1175 3594 1339 3681 epitaphio

166 3701 599 3787 deprehende1·cvolumuS‚
632 3701 878 3766 deliberandum
904 3705 969 3782 est,
997 3722 1078 3786 quae
1102 3703 1242 3765 inanime
1266 3724 1341 3786 pro·

166 3810 258 3896 priae
283 3811 350 3872 sint
373 3810 529 3873 Isocratis
553 3810 746 3889 sententiae,
782 3808 900 3893 quibus
934 3812 1003 3871 tota
1026 3808 1126 3870 oratio
1149 3808 1194 3870 ita
1217 3807 1342 3872 imbuta

167 3927 226 3999 est,
252 3921 289 3980 ut
311 3919 340 3980 is
365 3919 420 4001 qui
443 3915 585 4002 aliquam
608 3926 734 4001 partem
759 3916 886 4002 spoliat,
911 3914 1020 3978 facere
1044 3936 1109 3979 non
1125 3913 1238 4001 possit,
1265 3917 1342 3999 quin

165 4047 222 4089 eas
249 4045 378 4110 quoque
402 4023 455 4087 vel
478 4022 600 4086 invitus
626 4023 801 4087 exscribat.

256 4130 352 4194 Tales
377 4153 455 4193 vero
480 4133 659 4194 sententiae
682 4141 747 4194 tres
770 4131 1001 4194 inveniuntur:

258 4240 285 4302 1.
323 4237 469 4301 Primum
494 4236 574 4301 solis
599 4236 861 4301 Atheniensibus
885 4235 1102 4323 principatum
1133 4234 1340 4298 tribuendum

165 4368 240 4408 esse
277 4346 451 4408 extisimat.
506 4344 757 4409 Lacedaemonii
791 4343 877 4408 enim
910 4367 991 4429 paee
1023 4340 1220 4407 Antalcidea
1254 4341 1342 4408 faeta
