3022 5032
751 315 771 378 2

259 504 352 582 Item,
384 505 580 592 quicumque
610 512 715 571 artem
745 509 939 577 rhetoricam
971 516 1155 600 composuit
1178 518 1239 582 sub
1262 517 1349 584 Dio·

168 609 256 696 nysii
279 613 409 675 nornine
434 611 600 696 traditam,
627 615 761 699 Lysiam
786 619 946 706 epitaphii
975 629 1142 688 auderem
1167 624 1310 710 appellat
1323 626 1349 712 ¹)

171 739 279 802 neque
304 717 474 807 habemus
503 743 563 784 rur
585 720 685 803 illum,
716 723 772 808 qui
795 725 837 787 ad
868 749 927 790 nos
952 729 1054 811 venit,
1086 753 1147 795 nen
1172 730 1346 817 intellega-

168 846 253 889 mus.
305 822 489 890 Nonnullos
527 825 682 912 epitaphii
718 827 810 892 looos
843 830 948 916 Lysia
985 837 1142 919 scriptore
1178 840 1347 905 nominato

166 930 398 1017 Harpocratio,
423 931 584 1014 Philemo,
617 933 793 998 scholiasta
819 935 859 1000 ad
884 936 1061 1002 Aeschinis
1085 942 1118 1003 in
1145 946 1344 1032 (tesiphon-

166 1048 232 1101 tem
250 1041 434 1121 eratioaem,
453 1039 603 1122 fl'aetzes,
623 1040 678 1105 alii
695 1043 842 1126 afferunt,
861 1067 943 1132 quos
959 1046 1047 1131 apud
1064 1047 1234 1117 Lebellom
1253 1055 1345 1120 erol-

166 1149 271 1229 ras2).
329 1145 392 1210 Vel
430 1145 643 1227 complurium
682 1149 924 1235 epitaphiorum
961 1149 1083 1235 Lysiae
1118 1157 1224 1218 testes
1262 1168 1344 1225 sunt

167 1253 343 1318 scholiasta
367 1251 409 1314 ad
438 1251 597 1318 Aristidis
620 1254 772 1335 Panath,
803 1255 902 1332 Theo,
932 1256 1077 1339 Photius,
1104 1259 1339 1346 Hermogenes,

167 1360 295 1441 Suidas,
321 1358 469 1423 Eudooia
482 1361 517 1443 3).
778 1373 781 1377 ’

255 1463 389 1528 Maximi
419 1486 498 1529 voro
531 1464 720 1530 Aristotelis
753 1465 974 1532 testimonium
1007 1491 1079 1534 esse
1112 1477 1249 1559 oportet,
1283 1473 1338 1557 qui

165 1570 246 1636 rhet.
272 1570 325 1634 ill
344 1571 416 1651 10,7
438 1570 598 1658 epitaphii
614 1570 858 1658 paragraphum
877 1578 1112 1660 sexagesimam
1131 1579 1236 1644 citare
1252 1579 1340 1643 vide·

165 1684 230 1760 tur,
256 1678 297 1742 de
322 1700 386 1764 quo
410 1676 494 1740 intra
517 1675 698 1762 disputabo

416 1887 448 1957 2.
473 1890 562 1980 ilum
585 1892 810 1958 recentiores
835 1894 1089 1963 truttearertnt.

257 2015 322 2082 Sed
351 2021 500 2080 veterum
525 2014 647 2080 iudicio
678 2016 877 2080 recentiores
906 2019 1041 2083 retineri
1069 2045 1133 2085 non
1157 2031 1341 2107 potuerunt,

166 2127 244 2211 quin
276 2123 479 2210 epitaphium
515 2123 661 2209 spurium
691 2134 873 2188 censerent.
930 2125 959 2188 Ε
990 2125 1107 2211 quihus
1139 2127 1266 2213 primus
1298 2128 1342 2192 ita

165 2231 325 2297 iudicavit
347 2229 546 2316 Reislzius⁴).
572 2252 668 2316 quem
692 2229 786 2293 multi
811 2232 917 2294 secuti
945 2237 1023 2295 sunt
1046 2232 1133 2296 velut
1158 2233 1341 2299 Vallrenae·

163 2342 241 2419 rius,
266 2339 321 2405 Fr.
339 2338 379 2404 A.
396 2337 546 2420 WolfiuS,
565 2336 740 2416 Sluiterus,
764 2329 928 2418 Dobreus,
955 2337 1132 2425 Sauppius,
1158 2340 1339 2406 Hoelsehe-

165 2469 233 2528 rue,
257 2444 434 2527 Eelrertus,
458 2441 737 2523 Wilamooitzios,
763 2442 858 2506 multi
884 2443 949 2507 alii.

254 2552 372 2637 Neque
397 2572 475 2616 vero
500 2550 686 2633 defuerunt,
713 2551 768 2636 qui
784 2552 918 2636 Lysiam
944 2557 1111 2618 auctorem
1128 2555 1341 2620 defenderent

167 2660 255 2725 velut
278 2659 408 2745 Taylor,
434 2657 659 2735 Marklandus,
684 2659 724 2721 K.
749 2658 787 2723 O.
814 2657 1002 2741 Muellerus
1033 2661 1072 2723 K.
1098 2660 1152 2725 Fr.
1179 2663 1339 2726 Herman-

166 2789 240 2849 nne,
265 2766 547 2843 Westermannus,
571 2765 772 2849 Kruegerus,
791 2764 853 2830 alii.
879 2765 1057 2830 Videamus
1073 2791 1170 2850 nune,
1189 2768 1266 2856 quid
1281 2769 1343 2834 viri

167 2875 257 2941 docti
279 2875 465 2951 habuerint,
500 2896 558 2936 rur
581 2871 784 2959 epitaphium
809 2896 829 2935 a
854 2873 951 2958 Lysia
976 2874 1212 2939 abiudicarent.
1260 2877 1341 2940 Nam

167 2993 259 3048 reete
276 2983 428 3048 Debreus
454 2979 599 3064 moneta)
622 2980 752 3044 minime
769 3002 829 3042 nos
846 2981 1045 3065 antiquitatis
1062 2981 1263 3066 praeiudicio
1289 2982 1342 3047 de·

165 3090 289 3156 terreri
313 3090 444 3171 debore,
480 3089 653 3173 queminus
676 3085 800 3150 nostris
828 3087 931 3151 oeulis
955 3098 1091 3169 utamur,
1122 3112 1194 3153 cum
1219 3101 1344 3155 constet

167 3198 364 3284 Dionysium
404 3217 651 3281 nonnumquam
690 3195 853 3259 erravisse
888 3192 981 3258 relat
1016 3194 1056 3260 de
1092 3198 1241 3261 oratione
1280 3206 1344 3289 cept

165 3310 348 3391 Ἁλοννήσου
376 3303 488 3368 habita
520 3301 575 3365 vel
604 3301 644 3365 de
669 3300 813 3386 epistula
842 3300 883 3365 ad
906 3301 1096 3386 Philippum
1121 3304 1254 3389 scripta.
1301 3305 1341 3368 Id

166 3417 280 3477 tamen
304 3411 504 3475 retineamus
535 3407 715 3473 orationem
746 3407 922 3491 genuinam
954 3407 1137 3471 habendam
1163 3432 1247 3490 esse,
1280 3413 1340 3474 nisi

165 3519 380 3606 gravissimae
411 3538 541 3599 causae,
576 3516 692 3602 quibus
724 3515 921 3580 contrarium
950 3513 1206 3594 demonstretur,
1236 3519 1340 3602 profe-

166 3638 291 3694 rentur.

258 3840 277 3905 ¹)
298 3837 326 3891 (l.
347 3837 360 3888 1
382 3854 408 3904 p.
429 3834 482 3887 259
500 3834 613 3889 [teiske.

258 3929 278 3991 ’ἢ
301 3926 412 3980 hobeau
433 3926 499 3983 ..der
512 3925 678 3995 Epitaphius
693 3926 742 3980 des
759 3925 787 3979 L.
808 3926 849 3978 als
870 3926 935 3978 eeht
949 3925 1107 3980 erwiesen.·‘
1141 3925 1246 3996 Stuttg.
1263 3929 1337 3989 1863.

166 4038 193 4087 p.
213 4019 291 4072 2-4.

257 4108 279 4174 ³¹)
300 4106 396 4161 videas
424 4106 566 4160 labellum
591 4107 620 4160 et
639 4105 841 4169 Hoelseherum,
869 4106 904 4159 de
924 4106 983 4160 vita
1003 4109 1032 4160 et
1050 4107 1161 4175 scriptis
1182 4105 1279 4174 ltyoiae
1298 4121 1336 4159 or.

167 4215 196 4266 p,
216 4195 281 4250 471.

257 4288 278 4354 ⁴)
297 4288 364 4338 tom.
386 4290 409 4342 V
429 4302 467 4339 or.
488 4286 530 4340 ed.
550 4304 577 4354 p.
598 4287 632 4337 or
652 4285 725 4353 hips.
747 4285 823 4338 1772.

257 4376 279 4443 ⁶)
299 4374 468 4428 Adversaris
485 4392 514 4444 p.
536 4375 577 4427 14.
