3022 5032
699 253 741 317 43

131 451 260 516 monins
296 451 479 530 invehendi,
518 449 574 537 qui
607 449 826 514 Athenienses
862 450 971 536 paullo
1006 460 1081 515 ante
1118 450 1305 535 ingentibus

132 557 226 632 malis
251 558 438 635 affecerant,
463 581 528 622 non
552 557 828 643 praetermisisset

707 879 735 941 7.

285 1039 418 1128 Quibus
441 1039 666 1124 temporibus
691 1038 897 1122 epitapths
922 1040 1079 1124 sorlptus
1102 1038 1161 1105 stt.

224 1182 477 1246 Demonstrasse
501 1181 581 1246 mihi
603 1181 720 1246 videor
744 1181 947 1268 epitaphium
970 1192 1046 1268 post
1069 1184 1305 1267 panegyricum

136 1291 156 1352 i.
181 1311 208 1353 e.
232 1297 309 1376 post
332 1311 453 1353 annum
476 1289 541 1354 380
566 1291 779 1375 compositum
808 1310 891 1354 esse.
941 1287 1033 1370 Quae
1059 1311 1133 1352 cum
1156 1291 1200 1352 ita
1231 1290 1305 1368 sint,

134 1396 347 1460 vehementer
370 1394 495 1479 dubito,
520 1418 562 1460 an
585 1396 703 1481 Lysias
729 1394 906 1460 orationem
929 1418 995 1460 non
1019 1396 1201 1482 scripserit,
1228 1418 1306 1481 quo-

134 1505 223 1567 niam
246 1502 419 1566 verisimile
443 1526 509 1569 non
533 1513 583 1566 est
607 1525 682 1566 eum
704 1502 844 1566 tamdiu
868 1503 1001 1568 vixisse.
1041 1503 1117 1567 Jam
1140 1502 1306 1567 accedunt

133 1616 229 1673 certo
265 1608 477 1674 fundamento
520 1611 604 1673 iacto
645 1631 765 1673 causae
802 1607 881 1673 illae
911 1633 931 1673 a
959 1631 1110 1674 sermone
1145 1610 1306 1695 repetitae

132 1727 339 1802 ceteraeque,
376 1716 495 1802 quibus
530 1716 610 1781 solis
645 1739 760 1801 parum
783 1715 995 1802 profecimus,
1033 1737 1093 1780 cur
1123 1715 1306 1782 orationem

133 1823 308 1887 funebrem
330 1823 452 1907 Lysiae
477 1845 542 1887 non
566 1844 639 1887 esse
664 1843 869 1886 censeamus.

224 1929 312 1995 Ante
329 1930 417 2015 quod
432 1940 560 2016 tempus
585 1929 771 2015 epitaphius
796 1934 930 1994 exortus
956 1930 1010 2012 sit,
1034 1928 1176 1993 maxima
1198 1929 1306 1994 adhuc

133 2037 297 2101 dissensio
338 2048 395 2101 est.
449 2035 522 2118 Qua
560 2036 600 2101 de
638 2059 673 2101 re
711 2035 973 2119 Wendlandus1)
1017 2040 1108 2101 recte
1152 2036 1307 2100 admonet

134 2145 326 2230 scriptorem
349 2144 493 2209 nondum
510 2144 550 2208 de
566 2167 648 2230 pace
666 2142 810 2207 Cimonis
827 2143 928 2229 loqui,
955 2166 1029 2207 cum
1052 2144 1117 2207 iam
1130 2142 1304 2228 Lycurgus

136 2249 262 2333 (Leocr.
289 2251 343 2337 73)
367 2251 483 2315 foedus
507 2250 620 2314 litteris
645 2249 831 2314 confectum
861 2272 933 2314 esse
970 2253 1089 2330 narret,
1113 2249 1302 2336 figurasque

133 2355 319 2442 Gorgianas
341 2363 460 2442 postea
488 2379 587 2443 parce
616 2357 782 2421 adhibitas
810 2357 983 2422 immodice
1012 2366 1186 2441 usurpatas
1221 2379 1304 2421 esse.

133 2464 256 2544 „Beide
273 2464 436 2528 Momente
461 2464 633 2551 sprechen‚
658 2486 754 2530 wenn
778 2464 865 2529 auch
888 2463 978 2528 nicht
1000 2462 1053 2527 fiir
1070 2463 1123 2527 die
1140 2462 1302 2545 Echtheit,

130 2593 169 2636 so
205 2571 289 2635 doch
324 2573 378 2635 fur
413 2571 472 2636 das
495 2571 580 2636 hohe
604 2570 700 2634 Alter
734 2572 794 2635 des
824 2570 1048 2655 lysianischen
1071 2569 1302 2656 Epitaphius.“
1370 2585 1374 2593 ·

131 2677 249 2763 Neque
273 2677 369 2741 aliter
390 2678 549 2743 iudicavit
565 2676 763 2763 Dielsius:²)
782 2678 854 2757 ,die
870 2678 959 2742 Rede
975 2677 1028 2741 fur
1052 2679 1105 2742 ein
1119 2676 1305 2760 Erzeugnis

132 2785 191 2848 der
225 2783 570 2849 nacharistotelischen
593 2784 665 2848 Zeit
699 2807 741 2848 zu
763 2783 890 2866 halten,
921 2784 1006 2847 dazu
1029 2788 1082 2848 rat
1104 2783 1181 2848 kein
1205 2782 1302 2847 stich-

131 2891 273 2976 haltiges
297 2891 519 2956 Anzeichen.“

129 3035 344 3045 ———-

182 3154 186 3164 ,
222 3107 240 3165 ¹)
260 3104 354 3158 Herm.
374 3104 451 3155 XXV
470 3123 497 3173 p.
519 3103 568 3156 181
584 3105 680 3157 annot.

220 3193 411 3264 &chR
