<?xml version="1.0" encoding="UTF-8"?>
<!DOCTYPE html PUBLIC "-//W3C//DTD XHTML 1.0 Transitional//EN"
    "http://www.w3.org/TR/xhtml1/DTD/xhtml1-transitional.dtd">
<html xmlns="http://www.w3.org/1999/xhtml" xml:lang="en" lang="en">
 <head>
  <title>
</title>
<meta http-equiv="Content-Type" content="text/html;charset=utf-8" />
  <meta name='ocr-system' content='tesseract 3.04.00' />
  <meta name='ocr-capabilities' content='ocr_page ocr_carea ocr_par ocr_line ocrx_word'/>
</head>
<body>
  <div class='ocr_page' id='page_1' title='image "./quaeratiointerc00wolfgoog_0038.png"; bbox 0 0 3022 5032; ppageno 0'>
   <div class='ocr_carea' id='block_1_1' title="bbox 728 237 770 303">
    <p class='ocr_par' dir='ltr' id='par_1_1' title="bbox 728 237 770 303">
     <span class='ocr_line' id='line_1_1' title="bbox 728 237 770 303; baseline -0.024 0"><span class='ocrx_word' id='word_1_1' title='bbox 728 237 770 303; x_wconf 79' lang='lat'>23</span> 
     </span>
    </p>
   </div>
   <div class='ocr_carea' id='block_1_2' title="bbox 112 438 1355 3239">
    <p class='ocr_par' dir='ltr' id='par_1_2' title="bbox 163 438 1355 952">
     <span class='ocr_line' id='line_1_2' title="bbox 163 438 1339 526; baseline 0.003 -26"><span class='ocrx_word' id='word_1_2' title='bbox 163 441 219 518; x_wconf 74' lang='grc' dir='ltr'>τήν</span> <span class='ocrx_word' id='word_1_3' title='bbox 254 461 289 500; x_wconf 87' lang='grc' dir='ltr'>πε</span> <span class='ocrx_word' id='word_1_4' title='bbox 321 438 407 501; x_wconf 79' lang='grc' dir='ltr'>πάλιν</span> <span class='ocrx_word' id='word_1_5' title='bbox 436 440 491 517; x_wconf 81' lang='grc' dir='ltr'>τὴν</span> <span class='ocrx_word' id='word_1_6' title='bbox 525 441 675 524; x_wconf 78' lang='grc' dir='ltr'>ἡμετέραν</span> <span class='ocrx_word' id='word_1_7' title='bbox 709 441 761 501; x_wconf 79' lang='grc' dir='ltr'>καὶ</span> <span class='ocrx_word' id='word_1_8' title='bbox 803 441 859 518; x_wconf 78' lang='grc' dir='ltr'>τὴν</span> <span class='ocrx_word' id='word_1_9' title='bbox 904 439 1162 526; x_wconf 75' lang='grc' dir='ltr'>Λακεδαιμονίων,</span> <span class='ocrx_word' id='word_1_10' title='bbox 1202 443 1271 515; x_wconf 81' lang='grc' dir='ltr'>τοὺς</span> <span class='ocrx_word' id='word_1_11' title='bbox 1303 442 1339 503; x_wconf 86' lang='grc' dir='ltr'>δὲ</span> 
     </span>
     <span class='ocr_line' id='line_1_3' title="bbox 164 545 1341 634; baseline 0.002 -26"><span class='ocrx_word' id='word_1_12' title='bbox 164 555 224 608; x_wconf 88' lang='grc' dir='ltr'>τῶν</span> <span class='ocrx_word' id='word_1_13' title='bbox 247 546 347 628; x_wconf 82' lang='grc' dir='ltr'>λόγοιν</span> <span class='ocrx_word' id='word_1_14' title='bbox 379 545 640 634; x_wconf 80' lang='grc' dir='ltr'>ἀμφισβητοῦντας</span> <span class='ocrx_word' id='word_1_15' title='bbox 669 547 741 632; x_wconf 85' lang='grc' dir='ltr'>πρὸς</span> <span class='ocrx_word' id='word_1_16' title='bbox 765 548 818 631; x_wconf 83' lang='grc' dir='ltr'>μὲν</span> <span class='ocrx_word' id='word_1_17' title='bbox 844 548 900 626; x_wconf 84' lang='grc' dir='ltr'>τὴν</span> <span class='ocrx_word' id='word_1_18' title='bbox 922 546 1182 631; x_wconf 66' lang='grc' dir='ltr'>παρακαταθήκην</span> <span class='ocrx_word' id='word_1_19' title='bbox 1205 548 1257 610; x_wconf 87' lang='grc' dir='ltr'>καὶ</span> <span class='ocrx_word' id='word_1_20' title='bbox 1279 548 1341 633; x_wconf 85' lang='grc' dir='ltr'>περὶ</span> 
     </span>
     <span class='ocr_line' id='line_1_4' title="bbox 163 650 1341 741; baseline 0.001 -26"><span class='ocrx_word' id='word_1_21' title='bbox 163 662 224 715; x_wconf 88' lang='grc' dir='ltr'>τῶν</span> <span class='ocrx_word' id='word_1_22' title='bbox 255 650 359 714; x_wconf 86' lang='grc' dir='ltr'>ἄλλων</span> <span class='ocrx_word' id='word_1_23' title='bbox 392 652 431 714; x_wconf 79' lang='grc' dir='ltr'>ὧν</span> <span class='ocrx_word' id='word_1_24' title='bbox 455 660 503 715; x_wconf 92' lang='grc' dir='ltr'>νῦν</span> <span class='ocrx_word' id='word_1_25' title='bbox 519 655 682 739; x_wconf 83' lang='grc' dir='ltr'>φλυαροῦσι</span> <span class='ocrx_word' id='word_1_26' title='bbox 704 653 854 716; x_wconf 62' lang='lat' dir='ltr'>nausson</span> <span class='ocrx_word' id='word_1_27' title='bbox 876 656 1057 741; x_wconf 82' lang='grc' dir='ltr'>γράφοντας,</span> <span class='ocrx_word' id='word_1_28' title='bbox 1082 656 1151 739; x_wconf 86' lang='grc' dir='ltr'>πρὸς</span> <span class='ocrx_word' id='word_1_29' title='bbox 1173 656 1210 716; x_wconf 79' lang='grc' dir='ltr'>δὲ</span> <span class='ocrx_word' id='word_1_30' title='bbox 1233 661 1341 718; x_wconf 90' lang='grc' dir='ltr'>τοῦτον</span> 
     </span>
     <span class='ocr_line' id='line_1_5' title="bbox 165 758 1355 847; baseline 0.002 -25"><span class='ocrx_word' id='word_1_31' title='bbox 165 762 217 823; x_wconf 87' lang='grc' dir='ltr'>τὸν</span> <span class='ocrx_word' id='word_1_32' title='bbox 240 761 333 844; x_wconf 87' lang='grc' dir='ltr'>λόγον</span> <span class='ocrx_word' id='word_1_33' title='bbox 349 759 496 822; x_wconf 65' lang='grc' dir='ltr'>ποιεῖσθαι</span> <span class='ocrx_word' id='word_1_34' title='bbox 519 762 574 839; x_wconf 81' lang='grc' dir='ltr'>τὴν</span> <span class='ocrx_word' id='word_1_35' title='bbox 598 760 729 841; x_wconf 81' lang='grc' dir='ltr'>ἅμιλλαν</span> <span class='ocrx_word' id='word_1_36' title='bbox 744 761 796 823; x_wconf 77' lang='grc' dir='ltr'>καὶ</span> <span class='ocrx_word' id='word_1_37' title='bbox 811 767 938 836; x_wconf 82' lang='grc' dir='ltr'>σκοπεῖν,</span> <span class='ocrx_word' id='word_1_38' title='bbox 963 760 1040 835; x_wconf 81' lang='grc' dir='ltr'>ὅπως</span> <span class='ocrx_word' id='word_1_39' title='bbox 1061 758 1180 845; x_wconf 82' lang='grc' dir='ltr'>ἄμεινον</span> <span class='ocrx_word' id='word_1_40' title='bbox 1196 762 1259 847; x_wconf 80' lang='grc' dir='ltr'>περὶ</span> <span class='ocrx_word' id='word_1_41' title='bbox 1281 770 1355 824; x_wconf 89' lang='grc' dir='ltr'>τῶν·</span> 
     </span>
     <span class='ocr_line' id='line_1_6' title="bbox 166 867 621 952; baseline -0.007 -21"><span class='ocrx_word' id='word_1_42' title='bbox 166 869 266 932; x_wconf 77' lang='grc' dir='ltr'>αὐτῶν</span> <span class='ocrx_word' id='word_1_43' title='bbox 289 869 475 952; x_wconf 83' lang='grc' dir='ltr'>πραγμάτων</span> <span class='ocrx_word' id='word_1_44' title='bbox 500 867 621 951; x_wconf 84' lang='grc' dir='ltr'>ἐροῦσινΙ</span> 
     </span>
    </p>

    <p class='ocr_par' dir='ltr' id='par_1_3' title="bbox 168 985 1346 2792">
     <span class='ocr_line' id='line_1_7' title="bbox 258 985 1342 1072; baseline 0 -22"><span class='ocrx_word' id='word_1_45' title='bbox 258 985 350 1068; x_wconf 76' lang='lat' dir='ltr'>Quae</span> <span class='ocrx_word' id='word_1_46' title='bbox 382 988 410 1050; x_wconf 91' lang='lat' dir='ltr'>si</span> <span class='ocrx_word' id='word_1_47' title='bbox 440 991 645 1072; x_wconf 76' lang='lat' dir='ltr'>reputamuS,</span> <span class='ocrx_word' id='word_1_48' title='bbox 677 989 740 1050; x_wconf 89' lang='lat' dir='ltr'>etsi</span> <span class='ocrx_word' id='word_1_49' title='bbox 768 986 824 1050; x_wconf 85' lang='lat' dir='ltr'>illa</span> <span class='ocrx_word' id='word_1_50' title='bbox 856 986 897 1050; x_wconf 91' lang='lat' dir='ltr'>lis</span> <span class='ocrx_word' id='word_1_51' title='bbox 923 991 1205 1064; x_wconf 82' lang='lat' dir='ltr'>commemoratur,</span> <span class='ocrx_word' id='word_1_52' title='bbox 1230 992 1342 1050; x_wconf 82' lang='lat' dir='ltr'>tamen</span> 
     </span>
     <span class='ocr_line' id='line_1_8' title="bbox 168 1094 1342 1181; baseline -0.001 -22"><span class='ocrx_word' id='word_1_53' title='bbox 168 1095 202 1159; x_wconf 93' lang='lat' dir='ltr'>in</span> <span class='ocrx_word' id='word_1_54' title='bbox 226 1096 358 1178; x_wconf 81' lang='lat' dir='ltr'>Lysiam</span> <span class='ocrx_word' id='word_1_55' title='bbox 383 1096 492 1179; x_wconf 87' lang='lat' dir='ltr'>ipsum</span> <span class='ocrx_word' id='word_1_56' title='bbox 515 1095 582 1157; x_wconf 84' lang='lat' dir='ltr'>ista</span> <span class='ocrx_word' id='word_1_57' title='bbox 605 1095 705 1158; x_wconf 85' lang='lat' dir='ltr'>verba</span> <span class='ocrx_word' id='word_1_58' title='bbox 723 1095 844 1180; x_wconf 86' lang='lat' dir='ltr'>scripta</span> <span class='ocrx_word' id='word_1_59' title='bbox 861 1117 924 1158; x_wconf 91' lang='lat' dir='ltr'>nou</span> <span class='ocrx_word' id='word_1_60' title='bbox 941 1094 1097 1157; x_wconf 88' lang='lat' dir='ltr'>videntur</span> <span class='ocrx_word' id='word_1_61' title='bbox 1114 1116 1196 1173; x_wconf 92' lang='lat' dir='ltr'>esse,</span> <span class='ocrx_word' id='word_1_62' title='bbox 1223 1095 1342 1181; x_wconf 86' lang='lat' dir='ltr'>quippe</span> 
     </span>
     <span class='ocr_line' id='line_1_9' title="bbox 171 1199 1343 1287; baseline -0.001 -22"><span class='ocrx_word' id='word_1_63' title='bbox 171 1224 263 1287; x_wconf 90' lang='lat' dir='ltr'>quem</span> <span class='ocrx_word' id='word_1_64' title='bbox 300 1223 366 1263; x_wconf 92' lang='lat' dir='ltr'>non</span> <span class='ocrx_word' id='word_1_65' title='bbox 401 1210 513 1286; x_wconf 86' lang='lat' dir='ltr'>posset</span> <span class='ocrx_word' id='word_1_66' title='bbox 547 1199 723 1278; x_wconf 89' lang='lat' dir='ltr'>adhortari,</span> <span class='ocrx_word' id='word_1_67' title='bbox 759 1211 796 1264; x_wconf 90' lang='lat' dir='ltr'>ut</span> <span class='ocrx_word' id='word_1_68' title='bbox 826 1200 963 1264; x_wconf 87' lang='lat' dir='ltr'>eandem</span> <span class='ocrx_word' id='word_1_69' title='bbox 993 1203 1162 1264; x_wconf 80' lang='lat' dir='ltr'>materiem</span> <span class='ocrx_word' id='word_1_70' title='bbox 1190 1207 1343 1266; x_wconf 75' lang='lat' dir='ltr'>tractaret</span> 
     </span>
     <span class='ocr_line' id='line_1_10' title="bbox 169 1305 1343 1395; baseline 0.002 -25"><span class='ocrx_word' id='word_1_71' title='bbox 169 1318 354 1395; x_wconf 87' lang='lat' dir='ltr'>propterea,</span> <span class='ocrx_word' id='word_1_72' title='bbox 379 1305 474 1392; x_wconf 90' lang='lat' dir='ltr'>quod,</span> <span class='ocrx_word' id='word_1_73' title='bbox 501 1309 530 1369; x_wconf 91' lang='lat' dir='ltr'>si</span> <span class='ocrx_word' id='word_1_74' title='bbox 552 1307 683 1371; x_wconf 79' lang='lat' dir='ltr'>Blaesio</span> <span class='ocrx_word' id='word_1_75' title='bbox 710 1308 882 1386; x_wconf 75' lang='lat' dir='ltr'>credimuS,</span> <span class='ocrx_word' id='word_1_76' title='bbox 909 1307 1095 1394; x_wconf 84' lang='lat' dir='ltr'>exemplum</span> <span class='ocrx_word' id='word_1_77' title='bbox 1119 1310 1218 1372; x_wconf 89' lang='lat' dir='ltr'>iama</span> <span class='ocrx_word' id='word_1_78' title='bbox 1242 1307 1343 1392; x_wconf 84' lang='lat' dir='ltr'>Lysia</span> 
     </span>
     <span class='ocr_line' id='line_1_11' title="bbox 169 1414 1343 1500; baseline 0.001 -23"><span class='ocrx_word' id='word_1_79' title='bbox 169 1415 302 1491; x_wconf 87' lang='lat' dir='ltr'>editum,</span> <span class='ocrx_word' id='word_1_80' title='bbox 338 1414 358 1478; x_wconf 90' lang='lat' dir='ltr'>i.</span> <span class='ocrx_word' id='word_1_81' title='bbox 393 1436 419 1478; x_wconf 87' lang='lat' dir='ltr'>e.</span> <span class='ocrx_word' id='word_1_82' title='bbox 452 1414 665 1500; x_wconf 81' lang='lat' dir='ltr'>epitaphium,</span> <span class='ocrx_word' id='word_1_83' title='bbox 699 1417 899 1500; x_wconf 84' lang='lat' dir='ltr'>panegyrico</span> <span class='ocrx_word' id='word_1_84' title='bbox 932 1415 1125 1482; x_wconf 89' lang='lat' dir='ltr'>aemulatur.</span> <span class='ocrx_word' id='word_1_85' title='bbox 1178 1417 1343 1480; x_wconf 86' lang='lat' dir='ltr'>Isocrates</span> 
     </span>
     <span class='ocr_line' id='line_1_12' title="bbox 172 1521 1342 1610; baseline 0.001 -25"><span class='ocrx_word' id='word_1_86' title='bbox 172 1543 248 1606; x_wconf 82' lang='lat' dir='ltr'>ergo</span> <span class='ocrx_word' id='word_1_87' title='bbox 277 1523 407 1584; x_wconf 91' lang='lat' dir='ltr'>minime</span> <span class='ocrx_word' id='word_1_88' title='bbox 436 1523 480 1584; x_wconf 88' lang='lat' dir='ltr'>ita</span> <span class='ocrx_word' id='word_1_89' title='bbox 509 1521 597 1606; x_wconf 90' lang='lat' dir='ltr'>loqui</span> <span class='ocrx_word' id='word_1_90' title='bbox 626 1522 745 1606; x_wconf 87' lang='lat' dir='ltr'>potuit.</span> <span class='ocrx_word' id='word_1_91' title='bbox 792 1523 906 1609; x_wconf 88' lang='lat' dir='ltr'>Neque</span> <span class='ocrx_word' id='word_1_92' title='bbox 938 1524 1023 1586; x_wconf 91' lang='lat' dir='ltr'>euim</span> <span class='ocrx_word' id='word_1_93' title='bbox 1057 1522 1097 1586; x_wconf 90' lang='lat' dir='ltr'>ab</span> <span class='ocrx_word' id='word_1_94' title='bbox 1121 1522 1176 1586; x_wconf 94' lang='lat' dir='ltr'>illo</span> <span class='ocrx_word' id='word_1_95' title='bbox 1200 1522 1342 1610; x_wconf 89' lang='lat' dir='ltr'>postula·</span> 
     </span>
     <span class='ocr_line' id='line_1_13' title="bbox 168 1628 1344 1714; baseline 0.002 -24"><span class='ocrx_word' id='word_1_96' title='bbox 168 1629 282 1709; x_wconf 86' lang='lat' dir='ltr'>visset,</span> <span class='ocrx_word' id='word_1_97' title='bbox 318 1636 356 1690; x_wconf 90' lang='lat' dir='ltr'>ut</span> <span class='ocrx_word' id='word_1_98' title='bbox 391 1650 426 1690; x_wconf 87' lang='lat' dir='ltr'>se</span> <span class='ocrx_word' id='word_1_99' title='bbox 464 1650 620 1713; x_wconf 87' lang='lat' dir='ltr'>superare</span> <span class='ocrx_word' id='word_1_100' title='bbox 659 1635 842 1710; x_wconf 77' lang='lat' dir='ltr'>conaretur,</span> <span class='ocrx_word' id='word_1_101' title='bbox 882 1629 941 1691; x_wconf 87' lang='lat' dir='ltr'>sed</span> <span class='ocrx_word' id='word_1_102' title='bbox 977 1630 1129 1714; x_wconf 89' lang='lat' dir='ltr'>quoniam</span> <span class='ocrx_word' id='word_1_103' title='bbox 1164 1628 1204 1692; x_wconf 90' lang='lat' dir='ltr'>de</span> <span class='ocrx_word' id='word_1_104' title='bbox 1233 1639 1344 1693; x_wconf 87' lang='lat' dir='ltr'>vetere</span> 
     </span>
     <span class='ocr_line' id='line_1_14' title="bbox 172 1735 1343 1821; baseline 0.001 -23"><span class='ocrx_word' id='word_1_105' title='bbox 172 1736 399 1798; x_wconf 88' lang='lat' dir='ltr'>controversia</span> <span class='ocrx_word' id='word_1_106' title='bbox 436 1735 612 1800; x_wconf 88' lang='lat' dir='ltr'>admonuit.</span> <span class='ocrx_word' id='word_1_107' title='bbox 649 1747 749 1817; x_wconf 88' lang='lat' dir='ltr'>certe,</span> <span class='ocrx_word' id='word_1_108' title='bbox 786 1737 814 1799; x_wconf 87' lang='lat' dir='ltr'>si</span> <span class='ocrx_word' id='word_1_109' title='bbox 848 1737 980 1820; x_wconf 83' lang='lat' dir='ltr'>Lysiam</span> <span class='ocrx_word' id='word_1_110' title='bbox 1015 1738 1121 1820; x_wconf 85' lang='lat' dir='ltr'>ipsum</span> <span class='ocrx_word' id='word_1_111' title='bbox 1157 1739 1343 1821; x_wconf 79' lang='lat' dir='ltr'>carpsisset,</span> 
     </span>
     <span class='ocr_line' id='line_1_15' title="bbox 173 1842 1343 1929; baseline 0.003 -26"><span class='ocrx_word' id='word_1_112' title='bbox 173 1843 406 1925; x_wconf 82' lang='lat' dir='ltr'>panegyricum</span> <span class='ocrx_word' id='word_1_113' title='bbox 424 1865 615 1929; x_wconf 86' lang='lat' dir='ltr'>comparare</span> <span class='ocrx_word' id='word_1_114' title='bbox 634 1866 708 1906; x_wconf 86' lang='lat' dir='ltr'>cum</span> <span class='ocrx_word' id='word_1_115' title='bbox 724 1844 844 1928; x_wconf 86' lang='lat' dir='ltr'>Lysiae</span> <span class='ocrx_word' id='word_1_116' title='bbox 863 1842 1129 1908; x_wconf 82' lang='lat' dir='ltr'>demonstrativis</span> <span class='ocrx_word' id='word_1_117' title='bbox 1143 1843 1343 1907; x_wconf 87' lang='lat' dir='ltr'>orationibus</span> 
     </span>
     <span class='ocr_line' id='line_1_16' title="bbox 174 1947 1345 2035; baseline 0.002 -25"><span class='ocrx_word' id='word_1_118' title='bbox 174 1947 328 2033; x_wconf 86' lang='lat' dir='ltr'>¹aequales</span> <span class='ocrx_word' id='word_1_119' title='bbox 361 1950 520 2014; x_wconf 76' lang='lat' dir='ltr'>iussisset.</span> <span class='ocrx_word' id='word_1_120' title='bbox 570 1949 697 2029; x_wconf 78' lang='lat' dir='ltr'>Quodsi</span> <span class='ocrx_word' id='word_1_121' title='bbox 726 1949 768 2014; x_wconf 89' lang='lat' dir='ltr'>ad</span> <span class='ocrx_word' id='word_1_122' title='bbox 798 1950 1017 2035; x_wconf 87' lang='lat' dir='ltr'>superandam</span> <span class='ocrx_word' id='word_1_123' title='bbox 1048 1973 1140 2013; x_wconf 89' lang='lat' dir='ltr'>suam</span> <span class='ocrx_word' id='word_1_124' title='bbox 1165 1952 1345 2014; x_wconf 88' lang='lat' dir='ltr'>orationem</span> 
     </span>
     <span class='ocr_line' id='line_1_17' title="bbox 176 2056 1345 2142; baseline 0.001 -25"><span class='ocrx_word' id='word_1_125' title='bbox 176 2066 338 2138; x_wconf 81' lang='lat' dir='ltr'>provocat,</span> <span class='ocrx_word' id='word_1_126' title='bbox 374 2056 454 2120; x_wconf 88' lang='lat' dir='ltr'>alios</span> <span class='ocrx_word' id='word_1_127' title='bbox 479 2056 689 2121; x_wconf 85' lang='lat' dir='ltr'>adversarios</span> <span class='ocrx_word' id='word_1_128' title='bbox 716 2068 862 2142; x_wconf 88' lang='lat' dir='ltr'>spectare</span> <span class='ocrx_word' id='word_1_129' title='bbox 888 2080 962 2120; x_wconf 89' lang='lat' dir='ltr'>eum</span> <span class='ocrx_word' id='word_1_130' title='bbox 986 2079 1124 2120; x_wconf 83' lang='lat' dir='ltr'>necesse</span> <span class='ocrx_word' id='word_1_131' title='bbox 1149 2067 1206 2137; x_wconf 88' lang='lat' dir='ltr'>est,</span> <span class='ocrx_word' id='word_1_132' title='bbox 1238 2059 1292 2142; x_wconf 91' lang='lat' dir='ltr'>qui</span> <span class='ocrx_word' id='word_1_133' title='bbox 1316 2058 1345 2118; x_wconf 90' lang='lat' dir='ltr'>ei</span> 
     </span>
     <span class='ocr_line' id='line_1_18' title="bbox 175 2162 1344 2250; baseline 0.003 -27"><span class='ocrx_word' id='word_1_134' title='bbox 175 2162 326 2227; x_wconf 88' lang='lat' dir='ltr'>materiae</span> <span class='ocrx_word' id='word_1_135' title='bbox 343 2163 487 2227; x_wconf 88' lang='lat' dir='ltr'>nondum</span> <span class='ocrx_word' id='word_1_136' title='bbox 505 2187 637 2250; x_wconf 81' lang='lat' dir='ltr'>operam</span> <span class='ocrx_word' id='word_1_137' title='bbox 655 2163 823 2245; x_wconf 85' lang='lat' dir='ltr'>dederunt,</span> <span class='ocrx_word' id='word_1_138' title='bbox 843 2165 900 2227; x_wconf 90' lang='lat' dir='ltr'>sed</span> <span class='ocrx_word' id='word_1_139' title='bbox 917 2164 1022 2228; x_wconf 88' lang='lat' dir='ltr'>adhue</span> <span class='ocrx_word' id='word_1_140' title='bbox 1038 2186 1143 2247; x_wconf 82' lang='lat' dir='ltr'>nugas</span> <span class='ocrx_word' id='word_1_141' title='bbox 1156 2163 1344 2227; x_wconf 84' lang='lat' dir='ltr'>tractandas</span> 
     </span>
     <span class='ocr_line' id='line_1_19' title="bbox 173 2267 1344 2357; baseline 0.003 -27"><span class='ocrx_word' id='word_1_142' title='bbox 173 2267 235 2331; x_wconf 90' lang='lat' dir='ltr'>sibi</span> <span class='ocrx_word' id='word_1_143' title='bbox 263 2283 503 2355; x_wconf 85' lang='lat' dir='ltr'>proposuerunt</span> <span class='ocrx_word' id='word_1_144' title='bbox 533 2282 565 2334; x_wconf 90' lang='lat' dir='ltr'>et</span> <span class='ocrx_word' id='word_1_145' title='bbox 594 2273 785 2352; x_wconf 83' lang='lat' dir='ltr'>orationem,</span> <span class='ocrx_word' id='word_1_146' title='bbox 820 2294 917 2357; x_wconf 88' lang='lat' dir='ltr'>quam</span> <span class='ocrx_word' id='word_1_147' title='bbox 946 2271 1057 2334; x_wconf 86' lang='lat' dir='ltr'>multis</span> <span class='ocrx_word' id='word_1_148' title='bbox 1081 2277 1159 2334; x_wconf 86' lang='lat' dir='ltr'>ante</span> <span class='ocrx_word' id='word_1_149' title='bbox 1184 2273 1278 2334; x_wconf 89' lang='lat' dir='ltr'>annis</span> <span class='ocrx_word' id='word_1_150' title='bbox 1304 2270 1344 2334; x_wconf 89' lang='lat' dir='ltr'>de</span> 
     </span>
     <span class='ocr_line' id='line_1_20' title="bbox 174 2375 1346 2465; baseline 0.003 -27"><span class='ocrx_word' id='word_1_151' title='bbox 174 2375 322 2462; x_wconf 88' lang='lat' dir='ltr'>deposito</span> <span class='ocrx_word' id='word_1_152' title='bbox 346 2377 469 2456; x_wconf 88' lang='lat' dir='ltr'>habuit,</span> <span class='ocrx_word' id='word_1_153' title='bbox 500 2377 654 2441; x_wconf 89' lang='lat' dir='ltr'>minutius</span> <span class='ocrx_word' id='word_1_154' title='bbox 685 2389 716 2443; x_wconf 90' lang='lat' dir='ltr'>et</span> <span class='ocrx_word' id='word_1_155' title='bbox 744 2378 969 2465; x_wconf 84' lang='lat' dir='ltr'>scrupulosius</span> <span class='ocrx_word' id='word_1_156' title='bbox 992 2377 1110 2441; x_wconf 86' lang='lat' dir='ltr'>libellis</span> <span class='ocrx_word' id='word_1_157' title='bbox 1135 2377 1231 2441; x_wconf 87' lang='lat' dir='ltr'>editis</span> <span class='ocrx_word' id='word_1_158' title='bbox 1256 2399 1346 2441; x_wconf 89' lang='lat' dir='ltr'>soru-</span> 
     </span>
     <span class='ocr_line' id='line_1_21' title="bbox 173 2483 1343 2570; baseline 0 -24"><span class='ocrx_word' id='word_1_159' title='bbox 173 2493 290 2547; x_wconf 88' lang='lat' dir='ltr'>tantur.</span> <span class='ocrx_word' id='word_1_160' title='bbox 339 2483 451 2569; x_wconf 86' lang='lat' dir='ltr'>Atque</span> <span class='ocrx_word' id='word_1_161' title='bbox 475 2508 559 2548; x_wconf 87' lang='lat' dir='ltr'>unus</span> <span class='ocrx_word' id='word_1_162' title='bbox 585 2485 718 2570; x_wconf 88' lang='lat' dir='ltr'>quidem</span> <span class='ocrx_word' id='word_1_163' title='bbox 743 2508 782 2549; x_wconf 92' lang='lat' dir='ltr'>ex</span> <span class='ocrx_word' id='word_1_164' title='bbox 806 2484 869 2548; x_wconf 90' lang='lat' dir='ltr'>illis</span> <span class='ocrx_word' id='word_1_165' title='bbox 894 2495 981 2548; x_wconf 88' lang='lat' dir='ltr'>certo</span> <span class='ocrx_word' id='word_1_166' title='bbox 1000 2485 1213 2548; x_wconf 87' lang='lat' dir='ltr'>demonstrari</span> <span class='ocrx_word' id='word_1_167' title='bbox 1228 2494 1343 2570; x_wconf 86' lang='lat' dir='ltr'>potest,</span> 
     </span>
     <span class='ocr_line' id='line_1_22' title="bbox 175 2589 1340 2683; baseline 0.007 -31"><span class='ocrx_word' id='word_1_168' title='bbox 175 2589 248 2653; x_wconf 80' lang='lat' dir='ltr'>dico</span> <span class='ocrx_word' id='word_1_169' title='bbox 278 2590 521 2665; x_wconf 86' lang='lat' dir='ltr'>Antisthenem,</span> <span class='ocrx_word' id='word_1_170' title='bbox 552 2593 607 2678; x_wconf 87' lang='lat' dir='ltr'>qui</span> <span class='ocrx_word' id='word_1_171' title='bbox 638 2600 711 2683; x_wconf 82' lang='grc' dir='ltr'>πρὸς</span> <span class='ocrx_word' id='word_1_172' title='bbox 741 2600 793 2660; x_wconf 79' lang='grc' dir='ltr'>τὸν</span> <span class='ocrx_word' id='word_1_173' title='bbox 816 2592 1008 2683; x_wconf 82' lang='grc' dir='ltr'>Ἰσοκράτους</span> <span class='ocrx_word' id='word_1_174' title='bbox 1031 2597 1201 2683; x_wconf 76' lang='grc' dir='ltr'>ἀμάρτυρον</span> <span class='ocrx_word' id='word_1_175' title='bbox 1225 2597 1258 2656; x_wconf 87' lang='lat' dir='ltr'>et</span> <span class='ocrx_word' id='word_1_176' title='bbox 1281 2598 1340 2683; x_wconf 76' lang='grc' dir='ltr'>περ</span> 
     </span>
     <span class='ocr_line' id='line_1_23' title="bbox 174 2699 1098 2792; baseline -0.003 -28"><span class='ocrx_word' id='word_1_177' title='bbox 174 2711 236 2764; x_wconf 87' lang='grc' dir='ltr'>τῶν</span> <span class='ocrx_word' id='word_1_178' title='bbox 259 2704 448 2792; x_wconf 78' lang='grc' dir='ltr'>δικογράφων</span> <span class='ocrx_word' id='word_1_179' title='bbox 470 2705 489 2784; x_wconf 74' lang='grc' dir='ltr'>ἢ</span> <span class='ocrx_word' id='word_1_180' title='bbox 513 2704 632 2780; x_wconf 86' lang='grc' dir='ltr'>Λυσίας</span> <span class='ocrx_word' id='word_1_181' title='bbox 654 2707 705 2768; x_wconf 84' lang='grc' dir='ltr'>καὶ</span> <span class='ocrx_word' id='word_1_182' title='bbox 728 2700 903 2790; x_wconf 79' lang='grc' dir='ltr'>Ἰσοκράτης</span> <span class='ocrx_word' id='word_1_183' title='bbox 926 2699 1098 2786; x_wconf 80' lang='lat' dir='ltr'>scripsit.¹)</span> 
     </span>
    </p>

    <p class='ocr_par' dir='ltr' id='par_1_4' title="bbox 112 2823 1349 3239">
     <span class='ocr_line' id='line_1_24' title="bbox 266 2823 1348 2908; baseline 0.002 -22"><span class='ocrx_word' id='word_1_184' title='bbox 266 2823 359 2886; x_wconf 88' lang='lat' dir='ltr'>Alter</span> <span class='ocrx_word' id='word_1_185' title='bbox 390 2823 581 2888; x_wconf 82' lang='lat' dir='ltr'>Alcidamas</span> <span class='ocrx_word' id='word_1_186' title='bbox 613 2825 713 2888; x_wconf 87' lang='lat' dir='ltr'>fuisse</span> <span class='ocrx_word' id='word_1_187' title='bbox 745 2824 885 2902; x_wconf 87' lang='lat' dir='ltr'>videtur,</span> <span class='ocrx_word' id='word_1_188' title='bbox 922 2825 981 2888; x_wconf 87' lang='lat' dir='ltr'>etsi</span> <span class='ocrx_word' id='word_1_189' title='bbox 1011 2823 1051 2887; x_wconf 88' lang='lat' dir='ltr'>de</span> <span class='ocrx_word' id='word_1_190' title='bbox 1080 2829 1247 2908; x_wconf 87' lang='lat' dir='ltr'>amartyro</span> <span class='ocrx_word' id='word_1_191' title='bbox 1274 2847 1348 2888; x_wconf 91' lang='lat' dir='ltr'>eum</span> 
     </span>
     <span class='ocr_line' id='line_1_25' title="bbox 177 2928 1348 3014; baseline 0.002 -23"><span class='ocrx_word' id='word_1_192' title='bbox 177 2928 351 3014; x_wconf 84' lang='lat' dir='ltr'>scripsisse</span> <span class='ocrx_word' id='word_1_193' title='bbox 378 2955 442 2994; x_wconf 90' lang='lat' dir='ltr'>non</span> <span class='ocrx_word' id='word_1_194' title='bbox 468 2942 601 2995; x_wconf 89' lang='lat' dir='ltr'>constat.</span> <span class='ocrx_word' id='word_1_195' title='bbox 651 2933 775 2995; x_wconf 86' lang='lat' dir='ltr'>Tamen</span> <span class='ocrx_word' id='word_1_196' title='bbox 799 2931 890 2995; x_wconf 90' lang='lat' dir='ltr'>illam</span> <span class='ocrx_word' id='word_1_197' title='bbox 907 2930 1065 2995; x_wconf 88' lang='lat' dir='ltr'>Isocratis</span> <span class='ocrx_word' id='word_1_198' title='bbox 1082 2931 1205 2994; x_wconf 83' lang='lat' dir='ltr'>inimici</span> <span class='ocrx_word' id='word_1_199' title='bbox 1222 2930 1348 2995; x_wconf 88' lang='lat' dir='ltr'>cladem</span> 
     </span>
     <span class='ocr_line' id='line_1_26' title="bbox 175 3035 1349 3125; baseline 0.003 -28"><span class='ocrx_word' id='word_1_200' title='bbox 175 3035 263 3099; x_wconf 90' lang='lat' dir='ltr'>nulla</span> <span class='ocrx_word' id='word_1_201' title='bbox 292 3037 471 3120; x_wconf 80' lang='lat' dir='ltr'>ignominia</span> <span class='ocrx_word' id='word_1_202' title='bbox 502 3061 575 3102; x_wconf 90' lang='lat' dir='ltr'>eum</span> <span class='ocrx_word' id='word_1_203' title='bbox 599 3038 859 3125; x_wconf 88' lang='lat' dir='ltr'>praetermisisse</span> <span class='ocrx_word' id='word_1_204' title='bbox 883 3061 947 3101; x_wconf 92' lang='lat' dir='ltr'>non</span> <span class='ocrx_word' id='word_1_205' title='bbox 972 3037 1152 3102; x_wconf 80' lang='lat' dir='ltr'>verisimile</span> <span class='ocrx_word' id='word_1_206' title='bbox 1177 3048 1234 3101; x_wconf 90' lang='lat' dir='ltr'>est.</span> <span class='ocrx_word' id='word_1_207' title='bbox 1282 3037 1349 3123; x_wconf 86' lang='lat' dir='ltr'>Op·</span> 
     </span>
     <span class='ocr_line' id='line_1_27' title="bbox 112 3143 1347 3239; baseline 0.003 -35"><span class='ocrx_word' id='word_1_208' title='bbox 112 3160 114 3164; x_wconf 51' lang='lat'><em>*</em></span> <span class='ocrx_word' id='word_1_209' title='bbox 174 3144 248 3205; x_wconf 90' lang='lat' dir='ltr'>time</span> <span class='ocrx_word' id='word_1_210' title='bbox 284 3143 369 3208; x_wconf 91' lang='lat' dir='ltr'>enim</span> <span class='ocrx_word' id='word_1_211' title='bbox 404 3146 437 3207; x_wconf 89' lang='lat' dir='ltr'>in</span> <span class='ocrx_word' id='word_1_212' title='bbox 473 3169 546 3209; x_wconf 88' lang='lat' dir='ltr'>eum</span> <span class='ocrx_word' id='word_1_213' title='bbox 574 3145 655 3210; x_wconf 91' lang='lat' dir='ltr'>illud</span> <span class='ocrx_word' id='word_1_214' title='bbox 683 3153 846 3239; x_wconf 83' lang='grc' dir='ltr'>φλυαροῦσι</span> <span class='ocrx_word' id='word_1_215' title='bbox 875 3145 976 3227; x_wconf 84' lang='lat' dir='ltr'>eadit,</span> <span class='ocrx_word' id='word_1_216' title='bbox 1013 3145 1040 3208; x_wconf 93' lang='lat' dir='ltr'>si</span> <span class='ocrx_word' id='word_1_217' title='bbox 1073 3144 1254 3208; x_wconf 84' lang='lat' dir='ltr'>Menandro</span> <span class='ocrx_word' id='word_1_218' title='bbox 1280 3164 1347 3208; x_wconf 89' lang='lat' dir='ltr'>cre-</span> 
     </span>
    </p>
   </div>
   <div class='ocr_carea' id='block_1_3' title="bbox 176 3247 1350 3553">
    <p class='ocr_par' dir='ltr' id='par_1_5' title="bbox 176 3247 1350 3553">
     <span class='ocr_line' id='line_1_28' title="bbox 176 3247 1349 3344; baseline -0.005 -21"><span class='ocrx_word' id='word_1_219' title='bbox 176 3247 327 3333; x_wconf 76' lang='lat' dir='ltr'>dimus‘2):</span> <span class='ocrx_word' id='word_1_220' title='bbox 353 3257 511 3342; x_wconf 84' lang='grc' dir='ltr'>παράδοξα</span> <span class='ocrx_word' id='word_1_221' title='bbox 533 3260 569 3320; x_wconf 83' lang='grc' dir='ltr'>δὲ</span> <span class='ocrx_word' id='word_1_222' title='bbox 594 3255 653 3321; x_wconf 83' lang='grc' dir='ltr'>οἷον</span> <span class='ocrx_word' id='word_1_223' title='bbox 673 3253 925 3344; x_wconf 75' lang='grc' dir='ltr'>Ἀλκιδάμαντος</span> <span class='ocrx_word' id='word_1_224' title='bbox 947 3259 983 3319; x_wconf 84' lang='grc' dir='ltr'>τὸ</span> <span class='ocrx_word' id='word_1_225' title='bbox 1007 3264 1061 3319; x_wconf 93' lang='grc' dir='ltr'>τοῦ</span> <span class='ocrx_word' id='word_1_226' title='bbox 1087 3253 1230 3321; x_wconf 87' lang='grc' dir='ltr'>Θανάτου</span> <span class='ocrx_word' id='word_1_227' title='bbox 1256 3256 1349 3342; x_wconf 86' lang='grc' dir='ltr'>ἐγκώ-</span> 
     </span>
     <span class='ocr_line' id='line_1_29' title="bbox 176 3357 1348 3451; baseline -0.006 -22"><span class='ocrx_word' id='word_1_228' title='bbox 176 3384 240 3447; x_wconf 83' lang='grc' dir='ltr'>μιον</span> <span class='ocrx_word' id='word_1_229' title='bbox 270 3363 288 3441; x_wconf 83' lang='grc' dir='ltr'>ἢ</span> <span class='ocrx_word' id='word_1_230' title='bbox 317 3365 352 3425; x_wconf 80' lang='grc' dir='ltr'>τὸ</span> <span class='ocrx_word' id='word_1_231' title='bbox 381 3371 439 3443; x_wconf 75' lang='grc' dir='ltr'>τῆς</span> <span class='ocrx_word' id='word_1_232' title='bbox 470 3367 573 3441; x_wconf 86' lang='grc' dir='ltr'>πενίας</span> <span class='ocrx_word' id='word_1_233' title='bbox 602 3366 620 3444; x_wconf 76' lang='grc' dir='ltr'>ἦ</span> <span class='ocrx_word' id='word_1_234' title='bbox 653 3373 707 3427; x_wconf 92' lang='grc' dir='ltr'>τοῦ</span> <span class='ocrx_word' id='word_1_235' title='bbox 737 3364 866 3451; x_wconf 85' lang='grc' dir='ltr'>Πρωτέω</span> <span class='ocrx_word' id='word_1_236' title='bbox 898 3371 971 3439; x_wconf 86' lang='grc' dir='ltr'>τοῦς</span> <span class='ocrx_word' id='word_1_237' title='bbox 993 3363 1091 3438; x_wconf 82' lang='grc' dir='ltr'>κυνός.</span> <span class='ocrx_word' id='word_1_238' title='bbox 1139 3357 1348 3443; x_wconf 81' lang='lat' dir='ltr'>Peragrapho</span> 
     </span>
     <span class='ocr_line' id='line_1_30' title="bbox 177 3464 1350 3553; baseline -0.003 -25"><span class='ocrx_word' id='word_1_239' title='bbox 177 3465 216 3528; x_wconf 87' lang='lat'>11</span> <span class='ocrx_word' id='word_1_240' title='bbox 256 3464 369 3528; x_wconf 87' lang='lat' dir='ltr'>saltem</span> <span class='ocrx_word' id='word_1_241' title='bbox 404 3466 668 3531; x_wconf 88' lang='lat' dir='ltr'>Alcidamantem</span> <span class='ocrx_word' id='word_1_242' title='bbox 704 3465 795 3553; x_wconf 89' lang='lat' dir='ltr'>carpi</span> <span class='ocrx_word' id='word_1_243' title='bbox 822 3465 1124 3529; x_wconf 84' lang='lat' dir='ltr'>manifestissimum</span> <span class='ocrx_word' id='word_1_244' title='bbox 1149 3468 1215 3528; x_wconf 87' lang='lat' dir='ltr'>est:</span> <span class='ocrx_word' id='word_1_245' title='bbox 1251 3472 1350 3532; x_wconf 71' lang='grc' dir='ltr'>καίτοι</span> 
     </span>
    </p>
   </div>
   <div class='ocr_carea' id='block_1_4' title="bbox 175 3575 1352 4092">
    <p class='ocr_par' dir='ltr' id='par_1_6' title="bbox 175 3575 1352 4092">
     <span class='ocr_line' id='line_1_31' title="bbox 175 3575 1350 3664; baseline 0.001 -27"><span class='ocrx_word' id='word_1_246' title='bbox 175 3578 255 3652; x_wconf 81' lang='grc' dir='ltr'>τινὲς</span> <span class='ocrx_word' id='word_1_247' title='bbox 278 3578 431 3663; x_wconf 82' lang='grc' dir='ltr'>ἐπιτιμῶσι</span> <span class='ocrx_word' id='word_1_248' title='bbox 453 3588 513 3640; x_wconf 88' lang='grc' dir='ltr'>τῶν</span> <span class='ocrx_word' id='word_1_249' title='bbox 536 3580 636 3663; x_wconf 82' lang='grc' dir='ltr'>λόγων</span> <span class='ocrx_word' id='word_1_250' title='bbox 660 3585 725 3653; x_wconf 86' lang='grc' dir='ltr'>τοῖς</span> <span class='ocrx_word' id='word_1_251' title='bbox 748 3580 817 3664; x_wconf 82' lang='grc' dir='ltr'>ὑπὲρ</span> <span class='ocrx_word' id='word_1_252' title='bbox 840 3582 909 3642; x_wconf 76' lang='grc' dir='ltr'>τοῦς</span> <span class='ocrx_word' id='word_1_253' title='bbox 932 3578 1057 3652; x_wconf 75' lang='grc' dir='ltr'>ἰδιώτας</span> <span class='ocrx_word' id='word_1_254' title='bbox 1081 3575 1182 3664; x_wconf 80' lang='grc' dir='ltr'>ἔχουσι</span> <span class='ocrx_word' id='word_1_255' title='bbox 1209 3578 1261 3639; x_wconf 85' lang='grc' dir='ltr'>καὶ</span> <span class='ocrx_word' id='word_1_256' title='bbox 1283 3578 1350 3639; x_wconf 88' lang='grc' dir='ltr'>λίαν</span> 
     </span>
     <span class='ocr_line' id='line_1_32' title="bbox 176 3678 1351 3770; baseline 0.001 -25"><span class='ocrx_word' id='word_1_257' title='bbox 176 3681 440 3770; x_wconf 77' lang='grc' dir='ltr'>ἀπηκριβωμένως.</span> <span class='ocrx_word' id='word_1_258' title='bbox 488 3680 528 3744; x_wconf 93' lang='lat' dir='ltr'>Id</span> <span class='ocrx_word' id='word_1_259' title='bbox 552 3682 635 3743; x_wconf 83' lang='lat' dir='ltr'>eninr</span> <span class='ocrx_word' id='word_1_260' title='bbox 660 3682 767 3765; x_wconf 86' lang='lat' dir='ltr'>ipsum</span> <span class='ocrx_word' id='word_1_261' title='bbox 789 3680 844 3743; x_wconf 91' lang='lat' dir='ltr'>ille</span> <span class='ocrx_word' id='word_1_262' title='bbox 863 3678 881 3763; x_wconf 67' lang='grc' dir='ltr'><strong>ξ</strong></span> <span class='ocrx_word' id='word_1_263' title='bbox 898 3681 940 3744; x_wconf 76' lang='lat'>34</span> <span class='ocrx_word' id='word_1_264' title='bbox 956 3685 1020 3770; x_wconf 77' lang='grc' dir='ltr'>περὶ</span> <span class='ocrx_word' id='word_1_265' title='bbox 1035 3692 1095 3746; x_wconf 90' lang='grc' dir='ltr'>τῶν</span> <span class='ocrx_word' id='word_1_266' title='bbox 1110 3687 1183 3759; x_wconf 84' lang='grc' dir='ltr'>τοὺς</span> <span class='ocrx_word' id='word_1_267' title='bbox 1198 3686 1351 3769; x_wconf 82' lang='grc' dir='ltr'>γραπτοὺς</span> 
     </span>
     <span class='ocr_line' id='line_1_33' title="bbox 176 3784 1351 3879; baseline -0.004 -26"><span class='ocrx_word' id='word_1_268' title='bbox 176 3790 288 3873; x_wconf 84' lang='grc' dir='ltr'>λόγους</span> <span class='ocrx_word' id='word_1_269' title='bbox 303 3793 478 3879; x_wconf 80' lang='grc' dir='ltr'>γραφόντων</span> <span class='ocrx_word' id='word_1_270' title='bbox 495 3789 658 3864; x_wconf 63' lang='lat' dir='ltr'>orationis</span> <span class='ocrx_word' id='word_1_271' title='bbox 677 3810 774 3872; x_wconf 89' lang='lat' dir='ltr'>quam</span> <span class='ocrx_word' id='word_1_272' title='bbox 789 3787 935 3851; x_wconf 84' lang='lat' dir='ltr'>Isocrate</span> <span class='ocrx_word' id='word_1_273' title='bbox 951 3810 1016 3850; x_wconf 91' lang='lat' dir='ltr'>non</span> <span class='ocrx_word' id='word_1_274' title='bbox 1033 3788 1195 3849; x_wconf 89' lang='lat' dir='ltr'>nominato</span> <span class='ocrx_word' id='word_1_275' title='bbox 1211 3787 1245 3848; x_wconf 91' lang='lat' dir='ltr'>in</span> <span class='ocrx_word' id='word_1_276' title='bbox 1261 3784 1351 3849; x_wconf 87' lang='lat' dir='ltr'>illius</span> 
     </span>
     <span class='ocr_line' id='line_1_34' title="bbox 176 3893 1352 3983; baseline 0.004 -29"><span class='ocrx_word' id='word_1_277' title='bbox 176 3893 236 3955; x_wconf 87' lang='lat' dir='ltr'>viri</span> <span class='ocrx_word' id='word_1_278' title='bbox 261 3893 369 3956; x_wconf 88' lang='lat' dir='ltr'>studia</span> <span class='ocrx_word' id='word_1_279' title='bbox 387 3896 529 3978; x_wconf 86' lang='lat' dir='ltr'>scripsit,</span> <span class='ocrx_word' id='word_1_280' title='bbox 557 3893 780 3980; x_wconf 87' lang='lat' dir='ltr'>reprehendit:</span> <span class='ocrx_word' id='word_1_281' title='bbox 806 3899 888 3974; x_wconf 82' lang='grc' dir='ltr'>ῦςτις</span> <span class='ocrx_word' id='word_1_282' title='bbox 905 3897 954 3962; x_wconf 77' lang='grc' dir='ltr'>οῦν</span> <span class='ocrx_word' id='word_1_283' title='bbox 978 3943 984 3956; x_wconf 84' lang='grc'><strong>.</strong></span> <span class='ocrx_word' id='word_1_284' title='bbox 1011 3948 1017 3961; x_wconf 95' lang='grc'><strong>.</strong></span> <span class='ocrx_word' id='word_1_285' title='bbox 1043 3943 1049 3956; x_wconf 85' lang='grc'><em>.</em></span> <span class='ocrx_word' id='word_1_286' title='bbox 1075 3896 1218 3983; x_wconf 83' lang='grc' dir='ltr'>βούλεται</span> <span class='ocrx_word' id='word_1_287' title='bbox 1234 3898 1352 3983; x_wconf 80' lang='grc' dir='ltr'>μᾶλλον</span> 
     </span>
     <span class='ocr_line' id='line_1_35' title="bbox 176 4004 1185 4092; baseline 0 -25"><span class='ocrx_word' id='word_1_288' title='bbox 176 4011 243 4080; x_wconf 83' lang='grc' dir='ltr'>τοῖς</span> <span class='ocrx_word' id='word_1_289' title='bbox 265 4012 380 4090; x_wconf 81' lang='grc' dir='ltr'>καιροῖς</span> <span class='ocrx_word' id='word_1_290' title='bbox 403 4006 534 4091; x_wconf 62' lang='grc' dir='ltr'>χρῆσθαι</span> <span class='ocrx_word' id='word_1_291' title='bbox 557 4007 662 4081; x_wconf 90' lang='grc' dir='ltr'>καλῶς</span> <span class='ocrx_word' id='word_1_292' title='bbox 685 4006 702 4084; x_wconf 79' lang='grc' dir='ltr'>ἢ</span> <span class='ocrx_word' id='word_1_293' title='bbox 727 4013 794 4080; x_wconf 84' lang='grc' dir='ltr'>τοῖς</span> <span class='ocrx_word' id='word_1_294' title='bbox 817 4005 942 4092; x_wconf 75' lang='grc' dir='ltr'>ὀνόμασι</span> <span class='ocrx_word' id='word_1_295' title='bbox 965 4004 1095 4091; x_wconf 86' lang='grc' dir='ltr'>ἀκριβῶς</span> <span class='ocrx_word' id='word_1_296' title='bbox 1118 4006 1185 4067; x_wconf 88' lang='grc' dir='ltr'>κτλ.</span> 
     </span>
    </p>
   </div>
   <div class='ocr_carea' id='block_1_5' title="bbox 268 4210 1350 4369">
    <p class='ocr_par' dir='ltr' id='par_1_7' title="bbox 268 4210 1350 4369">
     <span class='ocr_line' id='line_1_36' title="bbox 268 4210 1350 4282; baseline -0.04 23"><span class='ocrx_word' id='word_1_297' title='bbox 268 4215 287 4279; x_wconf 51' lang='grc' dir='ltr'>Ι)</span> <span class='ocrx_word' id='word_1_298' title='bbox 308 4215 340 4266; x_wconf 59' lang='lat' dir='ltr'>Cf·</span> <span class='ocrx_word' id='word_1_299' title='bbox 362 4211 476 4280; x_wconf 61' lang='lat' dir='ltr'>Sp‘fflgel</span> <span class='ocrx_word' id='word_1_300' title='bbox 487 4228 578 4279; x_wconf 73' lang='lat' dir='ltr'>synag.</span> <span class='ocrx_word' id='word_1_301' title='bbox 592 4214 663 4270; x_wconf 63' lang='lat' dir='ltr'>lessh·</span> <span class='ocrx_word' id='word_1_302' title='bbox 677 4232 701 4282; x_wconf 76' lang='lat' dir='ltr'>P·</span> <span class='ocrx_word' id='word_1_303' title='bbox 717 4213 768 4265; x_wconf 73' lang='lat'>755</span> <span class='ocrx_word' id='word_1_304' title='bbox 783 4217 872 4270; x_wconf 76' lang='lat' dir='ltr'>annot.</span> <span class='ocrx_word' id='word_1_305' title='bbox 884 4213 899 4264; x_wconf 80' lang='lat'><strong>2</strong></span> <span class='ocrx_word' id='word_1_306' title='bbox 912 4214 1055 4266; x_wconf 73' lang='lat' dir='ltr'>Secundum</span> <span class='ocrx_word' id='word_1_307' title='bbox 1070 4213 1144 4280; x_wconf 85' lang='lat' dir='ltr'>Diog.</span> <span class='ocrx_word' id='word_1_308' title='bbox 1159 4212 1245 4265; x_wconf 85' lang='lat' dir='ltr'>Laert.</span> <span class='ocrx_word' id='word_1_309' title='bbox 1260 4212 1299 4264; x_wconf 83' lang='lat' dir='ltr'>VI</span> <span class='ocrx_word' id='word_1_310' title='bbox 1309 4210 1350 4263; x_wconf 82' lang='lat'>15.</span> 
     </span>
     <span class='ocr_line' id='line_1_37' title="bbox 268 4301 548 4369; baseline -0.032 -10"><span class='ocrx_word' id='word_1_311' title='bbox 268 4302 288 4365; x_wconf 70' lang='lat'>²)</span> <span class='ocrx_word' id='word_1_312' title='bbox 310 4301 425 4369; x_wconf 71' lang='lat' dir='ltr'>Spengel</span> <span class='ocrx_word' id='word_1_313' title='bbox 444 4319 468 4369; x_wconf 88' lang='lat' dir='ltr'>p.</span> <span class='ocrx_word' id='word_1_314' title='bbox 488 4301 548 4356; x_wconf 77' lang='lat'>346,</span> 
     </span>
    </p>
   </div>
   <div class='ocr_carea' id='block_1_6' title="bbox 0 0 1531 5032">
    <p class='ocr_par' dir='ltr' id='par_1_8' title="bbox 0 0 1531 5032">
     <span class='ocr_line' id='line_1_38' title="bbox 0 0 1531 5032; baseline 0 0"><span class='ocrx_word' id='word_1_315' title='bbox 0 0 1531 5032; x_wconf 95' lang='lat' dir='ltr'> </span> 
     </span>
    </p>
   </div>
  </div>
 </body>
</html>
