3022 5032
777 256 819 319 42

698 347 905 355 ——nu—

212 456 283 541 ὑπὲρ
307 463 360 519 τοῖ
386 457 554 541 μέλλοντος
580 456 731 533 κινδύνου,
767 452 841 520 ἀλλ’
878 456 1065 533 ἀκούσαντες
1099 461 1167 545 ὑπὲρ
1199 467 1257 540 τής
1287 462 1388 523 αὑτῶν

211 561 385 647 ἐλευθερίας
408 562 559 643 ήσθησαν.
597 559 647 622 Ita
671 559 778 623 studio
803 558 946 643 augendi
970 558 1127 624 seductus
1152 562 1292 647 scriptor
1315 562 1387 647 ipse

211 664 276 728 sibi
299 663 407 728 obest:
443 667 562 729 etenim
586 666 707 729 frustra
729 665 946 730 Athenienses
969 668 1200 752 properavisse
1224 667 1383 746 videntur,

212 770 241 833 si
266 770 396 836 omnino
421 771 534 835 auxilii
557 774 700 857 suspicio
725 771 813 836 nulla
836 773 904 836 fuit.

301 877 402 942 Multo
433 900 511 942 vero
536 880 640 963 magis
665 878 844 943 Isocratem
869 879 1035 966 exemplar
1057 880 1160 943 fuisse
1185 892 1321 967 apparet
1343 904 1384 946 ex

209 969 377 1048 Leonidae
392 1007 569 1070 eorumque
585 985 748 1062 laudibus,
764 988 817 1073 qui
831 986 873 1049 ad
889 986 1126 1072 Thermopylas
1143 1000 1385 1073 pugnaverunt.

212 1089 299 1155 Nam
336 1091 413 1178 quid
448 1094 586 1177 pertinet
619 1091 700 1156 illud
732 1092 892 1178 proelium
922 1093 964 1157 ad
986 1093 1237 1158 Atheniensium
1260 1095 1385 1178 laudes,

212 1197 276 1260 nisi
306 1209 342 1261 ut
375 1199 580 1284 popularium
608 1202 758 1263 virtutem
786 1202 942 1264 maiorem
969 1200 1072 1264 fuisse
1098 1224 1193 1286 quarn
1216 1201 1385 1267 Lacedae·

211 1306 403 1386 munierum,
442 1304 638 1391 quibuscum
669 1317 735 1370 turn
765 1306 938 1389 bellabant,
975 1307 1051 1370 inde
1080 1306 1299 1372 demonstret?
1340 1309 1385 1373 Ut

214 1410 254 1473 ab
279 1411 423 1475 Isocrate
448 1413 663 1496 principatum
686 1422 753 1475 tum
777 1413 919 1477 divisum
943 1436 1017 1476 esse
1034 1425 1165 1499 propter
1180 1415 1381 1499 propositum

214 1528 301 1582 recte
327 1530 603 1596 commemorem,
628 1519 673 1583 ita
696 1519 730 1582 in
754 1520 917 1605 epitaphio
936 1543 995 1584 cur
1010 1520 1064 1584 illa
1081 1521 1198 1585 divisio
1214 1519 1382 1602 referatur,

213 1645 314 1688 eausa
352 1647 418 1689 non
457 1627 635 1708 invenitur,
679 1628 743 1689 nisi
781 1626 936 1692 Isocmtis
976 1629 1114 1712 vestigia
1152 1648 1227 1689 eum
1264 1626 1384 1712 legisse

213 1733 393 1800 statuimus.

302 1838 459 1903 Conferas
484 1840 666 1904 Isocratem
690 1841 777 1925 (90):
815 1846 953 1925 ἀπήντων
975 1847 1144 1933 διελόμενοι
1171 1848 1223 1910 τὸν
1241 1847 1385 1920 κίνδυνον,

214 1949 449 2037 Λακεδαιμόνιοι
473 1953 526 2036 μὲν
550 1952 593 2027 εἰς
617 1948 819 2038 Θερμοπύλας
841 1954 915 2038 πρὸς
936 1955 973 2016 τὸ
989 1953 1078 2029 πεζὸν
1102 1991 1108 2004 ·
1131 1990 1137 2003 ·
1161 1992 1167 2004 ·
1188 1960 1249 2015 τῶν
1265 1955 1384 2038 συμμά-

211 2081 272 2120 κων
296 2057 417 2143 ὀλίγους
440 2057 672 2144 παραλαβόντες
695 2063 737 2134 ὡς
760 2062 879 2135 ἐντοῖς
902 2066 1018 2135 στενοῖς
1048 2059 1239 2136 κωλύσοντες
1273 2059 1386 2134 αὐτοὺς

211 2168 372 2250 περαιτέρω
388 2165 553 2250 προελθεῖν,
579 2165 607 2228 οἱ
621 2159 649 2227 δ’
666 2164 805 2251 ἡμέτεροι
820 2170 949 2252 πατέρες
970 2163 1015 2229 ἐπ’
1035 2160 1222 2253 Ἀρτεμίσιον
1237 2165 1386 2245 ἑξήκοντα

211 2273 339 2356 τριήρεις
361 2273 576 2358 πληρώσαντες

301 2395 375 2438 cum
403 2375 503 2458 Lysia
535 2373 604 2459 (30)
631 2379 790 2459 Ἀθηναῖοι
817 2374 845 2442 δ’
871 2416 877 2429 ·
900 2418 905 2429 ·
930 2418 935 2429 ·
959 2379 1044 2443 αύτοὶ
1072 2380 1126 2465 μὲν
1153 2379 1197 2455 εἰς
1223 2382 1284 2455 τάς
1311 2387 1386 2456 ναῖς

209 2484 362 2569 ἐμβάντες
397 2480 439 2549 ἐπ’
476 2481 663 2572 Ἀρτεμίσιον
698 2485 870 2572 ἐβοήθησαν
905 2485 1140 2572 Λακεδαιμόνιοι
1173 2488 1209 2549 δὲ
1243 2487 1294 2550 καὶ
1324 2495 1386 2550 τῶν

210 2594 375 2679 συμμάχων
411 2590 480 2655 ἔνιοι
515 2592 559 2668 εἰς
594 2590 796 2679 Θερμοπύλας
830 2593 1003 2673 ἀπήντησαν
1037 2591 1197 2679 ἡγούμενοι
1242 2594 1295 2656 διὰ
1328 2594 1385 2673 τήν

210 2699 380 2779 στενότητα
402 2707 463 2762 τῶν
485 2701 598 2787 χωρίων
620 2702 676 2780 τήν
698 2702 828 2786 πάροδον
851 2697 906 2764 οἶοί
928 2723 948 2762 τ
970 2695 1105 2764 ’ἔσεσθαι
1127 2700 1317 2788 διαφυλάξαι·

298 2800 439 2865 Maxime
464 2824 541 2866 vero
562 2801 729 2867 Leonidae
754 2802 867 2866 laudes
892 2803 1071 2866 offendunt:
1099 2807 1332 2893 Λακεδαιμόνιοι
1347 2808 1383 2869 δέ

209 2912 243 2974 ού
261 2919 331 2989 ταῖς
346 2915 457 3001 ψυχαῖς
472 2915 586 2991 ἐνδεεῖς
607 2915 769 3000 γενόμενοι,
794 2914 877 2976 ἀλλὰ
900 2921 953 2976 τοῦ
977 2913 1116 2991 πλήθους
1132 2912 1319 2999 ψευσθέντας
1333 2952 1339 2971 ·
1354 2950 1360 2967 ·
1376 2952 1382 2963 ·

209 3019 264 3106 οὐχ
287 3021 478 3100 ἡττηθέντες
500 3029 560 3083 τῶν
584 3022 723 3084 ἐναντίων
748 3013 829 3093 ,ἀλλ’
854 3017 940 3105 ούπερ
964 3019 1139 3105 ἐτάχθησαν
1156 3019 1310 3105 μάχεσθαι
1323 3020 1384 3083 κτλ

299 3120 392 3187 Adeo
418 3125 504 3186 enim
527 3144 621 3186 nemo
646 3146 665 3185 a
688 3121 854 3208 proposito
880 3143 940 3184 sua
965 3133 1079 3206 sponte
1096 3120 1248 3184 aberrare
1265 3131 1382 3206 potest,

210 3227 274 3290 nisi
298 3232 354 3313 qui
377 3229 528 3315 ‹ixcmplo
554 3229 692 3315 quodam
718 3228 894 3292 seducitur.

299 3336 406 3423 Atque
431 3361 504 3401 erun
527 3337 624 3424 plane
648 3338 681 3401 in
706 3338 861 3402 Isocratis
887 3335 1116 3421 cogitationem
1132 3336 1283 3400 transiise
1306 3334 1382 3399 inde

210 3464 408 3526 cognoscere
433 3444 517 3527 licet,
543 3445 629 3532 quod
654 3468 693 3508 ne
719 3447 749 3507 in
774 3444 961 3507 Plataeensi
987 3444 1118 3529 quidem
1142 3441 1265 3528 proelio
1289 3463 1380 3505 enar·

209 3547 312 3613 rando
336 3551 669 3616 Lacedaemoniorum
693 3551 808 3615 laudes
834 3553 992 3614 omitteret
1017 3551 1099 3636 (llilt
1129 3555 1322 3641 ἀποδράντων
1344 3553 1382 3617 δὲ

209 3663 264 3725 sat
289 3662 383 3725 νύκτα
405 3673 466 3726 τῶν
489 3666 636 3728 πλείστων
660 3666 826 3750 συμμάχων
849 3664 884 3726 ἐκ
906 3672 967 3726 τῶν
989 3663 1105 3739 τάξεσιν
1127 3664 1179 3724 διὰ
1201 3663 1238 3724 τὸ
1261 3659 1382 3740 πλῆθος

208 3777 269 3831 τῶν
292 3771 441 3855 πολεμίοιν
457 3770 695 3857 Λακεδαιμόνιοι
714 3773 767 3856 μὲν
783 3772 834 3833 καὶ
849 3771 1002 3856 Τεγεᾶται
1025 3773 1098 3844 τοὺς
1114 3768 1285 3853 βαρβάρους
1302 3767 1382 3853 ἐτρέ-

209 3877 305 3962 ψαντο
329 3878 388 3939 κτλ
434 3872 640 3958 (Quamquam
663 3873 735 3958 ipso
759 3872 815 3936 illo
832 3872 954 3958 proelio
971 3869 1225 3934 Lacedaemonii
1248 3892 1313 3934 non
1337 3870 1381 3932 ita

208 3977 369 4063 intrepide
405 4001 440 4041 se
469 3990 652 4063 gesserunt,
689 3979 748 4042 scri
776 3979 842 4065 ipsi
875 4000 1003 4063 quoque
1027 3979 1127 4041 aciem
1153 3976 1380 4059 deseruerant3

209 4107 292 4172 quae
317 4096 425 4149 tamen
450 4088 597 4170 scriptor,
622 4085 956 4149 Lacedaemoniorum
979 4084 1093 4159 hostis,
1119 4084 1258 4167 benigne
1283 4085 1381 4146 tacet.

208 4192 271 4271 Qui
309 4194 336 4255 si
365 4216 442 4256 vere
471 4191 548 4256 belli
573 4191 773 4256 Corinthiaci
808 4190 1006 4276 temporibus
1036 4191 1126 4255 nullo
1151 4188 1297 4274 exemplo
1323 4188 1379 4253 ad·

208 4298 311 4363 hibito
336 4300 533 4385 epitaphium
557 4301 805 4383 composuisset,
831 4310 917 4361 certe
935 4299 1140 4363 occasionem
1165 4298 1196 4358 in
1211 4295 1382 4360 Lacedae·
