3022 5032
170 447 371 514 dubitabant.
420 446 561 512 Maxime
591 468 669 510 vero
693 447 725 509 in
749 443 943 508 funebribus
965 445 1162 508 orationibus
1186 443 1256 509 fieri
1272 468 1337 510 11011

167 557 281 642 potuit,
307 557 385 640 quin
411 554 545 619 eaedem
569 553 638 616 fere
661 551 842 617 sententiae
867 550 984 615 iterum
1008 550 1192 636 iterumque
1216 551 1339 637 profer-

167 672 292 727 rentur.
351 662 466 747 Itaque
501 661 558 725 ubi
594 659 672 746 quid
707 659 785 723 novi
820 657 987 722 inventum
1024 668 1101 740 erat,
1140 661 1339 745 posteriores

166 769 356 856 gratissime
390 767 668 853 libentissimeque
700 764 907 853 arripiebant.
966 765 1176 852 Quapropter
1211 767 1339 832 enunti-

169 878 290 947 ationis
305 876 496 941 diversitate
514 875 675 940 adductus
688 871 937 940 Wilamowitaio
951 874 1114 937 assentior
1129 877 1201 938 rato
1214 873 1340 940 Aristo-

169 982 266 1047 telem
297 982 452 1069 Gorgiam
479 981 576 1048 totius
604 982 733 1067 generis
766 980 853 1044 illius
886 989 1054 1043 auctorem
1083 981 1244 1059 citavisse,
1277 984 1341 1046 etsi

172 1089 312 1175 Gorgiae
327 1091 502 1155 verborum
518 1088 771 1176 explicationem
788 1110 853 1152 non
868 1086 981 1173 probo.
1015 1088 1108 1150 Licet
1124 1090 1165 1152 sit
1181 1093 1341 1182 ἐλεύθερος

173 1198 246 1283 ..qui
268 1200 408 1284 patriam
432 1197 587 1275 defendit,
621 1197 675 1282 qui
698 1194 824 1280 patriae
853 1194 1009 1259 honorem
1033 1205 1130 1280 atque
1154 1195 1340 1261 libertatern

169 1307 328 1390 sauguine
352 1304 597 1382 suoredimia‘r
623 1308 733 1366 tamen
752 1301 909 1383 hocloco,
935 1303 962 1365 01
979 1302 1178 1386 Lycurgum,
1203 1305 1339 1368 11011100-

166 1412 307 1495 tlrene'm,
333 1413 469 1497 Lysiam
493 1413 696 1497 respicimus
722 1414 879 1500 ἐλευθερία
901 1409 990 1473 illam
1012 1420 1121 1474 notam
1139 1411 1203 1474 vim
1219 1411 1340 1497 habere

169 1518 306 1584 videtin.
354 1518 527 1599 Quomodo
551 1521 662 1583 autem
687 1519 825 1602 scriptor
849 1538 922 1579 cum
947 1519 1052 1580 eaesis
1074 1516 1160 1602 apud
1177 1517 1341 1583 Salamiua

167 1626 355 1692 libertatem
379 1626 542 1714 sepultum
566 1647 638 1690 esse
662 1624 772 1688 dicere
796 1623 947 1710 potuerit,
974 1623 1129 1710 explicari
1144 1647 1208 1688 non
1225 1636 1339 1711 potest,

170 1736 246 1819 quia
285 1736 521 1799 sententiarum
562 1742 747 1798 contextum
785 1730 850 1795 11011
889 1731 1056 1795 habemus.
1117 1733 1194 1818 lpso
1233 1744 1340 1799 tamen

170 1840 341 1925 paradoxo
366 1841 510 1926 sophista
532 1840 585 1904 vel
609 1839 735 1904 rhetore
759 1838 814 1903 1110
839 1837 1029 1922 dignissimo
1051 1860 1132 1903 sana
1148 1863 1222 1903 0000
1239 1840 1340 1908 verba

171 1946 319 2011 iudicare
343 1947 420 2012 mihi
444 1948 612 2030 videtum)

261 2052 459 2120 Aristoteles
494 2055 592 2140 igitur
625 2054 734 2118 locum
769 2077 834 2117 nou
866 2076 905 2117 ex
937 2054 1101 2142 epitaphio
1133 2056 1253 2138 Lysiae
1285 2057 1340 2121 de-

169 2167 355 2248 promptum
381 2184 453 2227 <sse
477 2163 557 2227 mihi
580 2164 742 2248 persuasi.
791 2161 883 2242 Quae
907 2171 1014 2225 tamen
1031 2163 1138 2246 opinio
1156 2163 1236 2228 nihil
1253 2165 1342 2230 valet

169 2269 212 2332 ad
236 2267 395 2354 originem
419 2270 585 2357 epitaphii.
631 2269 718 2335 Nam
733 2270 854 2350 Lysiae
879 2291 954 2332 eum
975 2284 1048 2332 esse¹
1066 2280 1191 2333 netum
1209 2272 1340 2358 quidem

170 2379 345 2457 constaret,
381 2379 409 2442 si
439 2376 649 2442 Aristotelem
684 2377 759 2441 inde
796 2378 914 2440 citasse
944 2379 1144 2462 putaremus.
1204 2377 1341 2465 Semper

168 2504 288 2547 causae
313 2508 332 2547 a
357 2484 548 2550 diversitate
574 2483 732 2549 sermonis
749 2483 912 2569 repetitae
936 2482 1145 2568 reliquaeque
1162 2497 1340 2554 manerent.

256 2590 330 2655 Hae
362 2591 458 2676 igitur
485 2594 549 2655 iam
578 2590 814 2656 examinandae
845 2601 929 2673 sunt,
962 2600 1089 2654 utrem
1114 2591 1339 2660 diiudicemus

256 2697 367 2785 Atque
406 2703 444 2763 ut
483 2699 523 2763 de
566 2702 672 2785 prima
706 2698 762 2763 illa
801 2712 901 2764 cansa
940 2698 980 2762 ab
1018 2700 1161 2764 oratione
1199 2701 1341 2786 repetita

169 2804 338 2888 disseram,
375 2807 517 2893 perbene
558 2809 666 2892 quanti
706 2809 862 2871 momenti
900 2808 944 2870 sit
982 2805 1147 2891 intellego,
1188 2811 1337 2894 quamvis

167 2911 328 2978 lubricum
357 2924 389 2977 et
416 2913 519 2979 fallax
548 2937 648 3000 saepe
673 2915 714 2978 sit
738 2917 975 2999 argumentum,
1021 2913 1103 2978 Nam
1129 2917 1184 2999 qui
1207 2915 1275 2980 0010
1300 2939 1337 2979 00

168 3020 334 3108 insistunt,
358 3042 413 3086 eos
437 3022 520 3106 fugit
543 3021 735 3107 scriptorem
752 3025 811 3085 aut
827 3019 973 3085 consulto
991 3032 1045 3084 aut
1062 3021 1211 3108 exemplo
1228 3022 1337 3110 aliquo

171 3125 339 3192 seductum
370 3128 422 3194 vel
455 3128 490 3193 in
526 3128 640 3194 eodem
676 3129 858 3193 litterarum
886 3151 1007 3212 genere
1032 3128 1197 3219 diuersum
1231 3129 1338 3194 stilum

169 3232 325 3299 adhibere
356 3258 464 3324 posse.
512 3237 610 3301 Velut
640 3236 835 3301 Aristoteles
866 3236 900 3300 in
930 3236 1095 3302 nonnullis
1123 3236 1217 3301 libris
1246 3259 1337 3303 aero-

169 3343 316 3408 amatiois
338 3366 403 3409 non
427 3344 523 3409 modo
548 3368 567 3407 a
591 3344 793 3428 dialogorum
818 3366 977 3427 sermone,
1004 3354 1053 3409 set
1076 3343 1176 3408 etiam
1200 3345 1240 3410 ab
1264 3345 1337 3409 aliis

168 3449 316 3515 eiusdem
356 3453 487 3536 generis
528 3451 661 3538 seriptis
704 3451 865 3518 abherret.
922 3451 1092 3516 Admoneo
1129 3452 1169 3516 de
1204 3452 1336 3518 Alcida-

164 3557 284 3622 mautis
308 3560 451 3624 oratione
474 3566 537 3651 περὶ
559 3572 620 3627 τῶν
642 3567 715 3641 τοὺς
730 3568 883 3651 γραπτοὺς
897 3566 1010 3651 λόγους
1029 3566 1213 3652 γραφόντων,
1240 3582 1336 3646 quam

165 3668 290 3730 temere
325 3665 366 3730 ab
399 3672 528 3730 oratore
559 3667 781 3749 seiunxerunt,
819 3668 893 3753 quia
933 3665 1174 3732 Alcidamantis
1205 3671 1337 3753 propria

169 3772 254 3857 apud
276 3772 484 3837 Aristotelem
509 3773 678 3861 descripta
701 3795 815 3860 parum
833 3773 1165 3859 deprehenderentur.
1211 3774 1259 3839 At
1282 3800 1336 3839 ne-

166 3877 337 3962 glexerunt
372 3880 539 3944 diversum
579 3880 732 3945 orationis
769 3903 886 3965 genus.
935 3879 1027 3961 Quae
1068 3883 1154 3944 enim
1189 3883 1337 3968 exempla

164 3985 361 4052 Aristoteles
393 3989 570 4073 vituperat,
608 4009 648 4052 ex
675 4009 793 4072 genere
819 3987 1076 4052 demonstrativo
1109 3998 1246 4074 sumpta,
1277 3988 1336 4053 illa

164 4146 377 4160 q—-na——a—-

186 4258 189 4263 ·
255 4235 274 4303 ¹)
296 4233 438 4297 1101110100,
464 4250 534 4301 qnae
561 4233 681 4287 Dielsins
705 4233 739 4285 de
760 4249 793 4285 ea
812 4250 842 4286 10
863 4234 999 4302 disputat;
1022 4232 1122 4287 Abhdl.
1143 4233 1168 4288 d.
1188 4232 1261 4286 Berl.
1282 4231 1333 4286 Ak.

168 4320 239 4383 1886
254 4340 282 4394 p.
301 4322 344 4381 35.
887 4344 889 4355 =
