3022 5032
716 293 927 391 ,Ξί-

641 559 767 646 Caput
791 562 1004 646 posterius.

323 668 424 733 Num
448 669 670 732 Isocratis
699 669 833 730 oratio
857 666 964 751 prior
988 669 1043 730 sit
1074 670 1306 752 quaeritur.

388 796 407 859 l
451 793 500 858 lic
525 791 703 876 epitaphii
727 793 763 857 ct
786 791 999 874 paneuyrici
1024 794 1261 870 argumentis.

254 980 262 998 ,
324 918 432 1004 Atque
465 940 529 1003 quo
558 916 688 980 facilius
718 915 810 980 litem
841 914 1075 996 diiudicemuS,
1111 915 1251 1001 primum
1282 918 1411 1004 quidem

234 1032 464 1110 argumentum
495 1034 527 1086 ct
561 1022 807 1110 dispositionem
839 1021 1030 1107 panegyrici
1064 1020 1210 1084 breviter
1242 1046 1412 1109 exponam.

324 1132 377 1194 Dc
398 1153 473 1217 quo
506 1129 671 1195 isocrates
701 1132 772 1215 ipse
801 1131 893 1192 initio
926 1129 1079 1192 orationis
1107 1126 1193 1190 haec
1218 1129 1310 1193 dicit:
1348 1138 1412 1216 ήκω

229 1243 459 1330 συμβουλεύσων
475 1245 538 1327 περί
554 1266 588 1304 τε
604 1250 658 1304 τοῦ
682 1243 813 1325 πολέμου
830 1248 883 1302 τοῦ
908 1241 981 1324 πρὸς
998 1241 1072 1314 τοὺς
1088 1237 1260 1324 βαρβάρους
1284 1243 1335 1303 καὶ
1352 1251 1412 1321 τῆς

234 1352 377 1435 ὁμονοίας
403 1357 461 1428 τής
488 1350 560 1432 πρὸς
583 1351 666 1431 ἡμᾶς
694 1346 812 1420 αὐτούς.
859 1340 1056 1425 Priusquam
1081 1349 1190 1404 autem
1213 1340 1292 1404 illud
1317 1364 1411 1424 argu-

231 1462 374 1514 mentum
388 1453 494 1534 ipsum
507 1447 643 1511 tractari
667 1448 779 1532 possit,
806 1446 976 1510 diiudicari
1001 1456 1158 1530 oportere,
1177 1449 1240 1509 utri
1257 1447 1341 1512 bello
1357 1469 1412 1531 ge·

236 1556 337 1619 rendo
354 1577 510 1641 praeesse
529 1553 678 1630 debeant,
703 1553 958 1618 Lacedaemonii
981 1575 1024 1616 an
1041 1551 1269 1618 Athenienses
1317 1552 1412 1633 Quod

235 1685 308 1724 cum
324 1664 452 1746 priores
471 1682 582 1724 omnes
600 1662 776 1735 omiserint,
802 1683 916 1744 parum
938 1681 994 1722 eos
1011 1657 1202 1744 profecisse.
1242 1659 1358 1745 Itaque
1374 1665 1412 1723 ut

233 1768 442 1851 dignissimos
478 1765 665 1852 principatu
695 1765 917 1829 Athenienses
953 1764 1116 1840 ostendat,
1146 1787 1165 1826 a
1196 1765 1410 1850 popularibus

232 1897 285 1937 res
312 1873 484 1959 praeclare
509 1883 619 1957 gestas
643 1874 675 1934 in
699 1874 804 1958 prima
829 1873 981 1936 orationis
998 1875 1093 1957 parte
1117 1873 1283 1957 percurrit
1305 1893 1411 1957 neque

232 2003 386 2065 umquam
410 2001 452 2044 ne
475 1982 509 2043 in
526 1980 645 2044 fabulis
664 1980 793 2064 quidem
818 1979 1047 2042 vetustissimis
1062 1979 1241 2042 'auditores
1266 2002 1332 2042 non
1356 1979 1411 2042 ad·

234 2097 345 2150 monet
368 2087 419 2152 vel
455 2088 637 2174 antiquitus
662 2086 736 2150 iilos
768 2088 910 2148 omnium
935 2084 1136 2150 Graecorum
1171 2085 1337 2170 principes
1360 2085 1411 2149 fu·

234 2193 301 2256 isse
332 2200 366 2255 et
389 2193 500 2256 multis
516 2191 630 2256 ¹rebus
661 2190 699 2254 de
727 2193 766 2254 iis
790 2191 874 2255 bene
904 2193 1039 2254 meritos
1069 2213 1152 2254 esse.
1201 2192 1329 2255 Iterum
1352 2195 1411 2257 ite-

233 2322 372 2385 rumque
401 2299 519 2364 docere
549 2299 667 2382 studet,
703 2305 749 2367 ότι
771 2305 822 2366 καὶ
852 2304 992 2388 πρότερον
1015 2306 1033 2383 ἡ
1057 2305 1145 2379 πόλις
1167 2306 1252 2388 ἡμῶν
1280 2307 1404 2368 δικαίων

233 2420 292 2492 τὴς
314 2409 475 2489 θαλάττης
497 2409 566 2496 ήρξε
589 2412 640 2473 καὶ
663 2418 711 2472 νῦν
736 2412 790 2473 ούκ
814 2411 929 2484 ἀδίκως
952 2409 1137 2498 ἀμφισβητεῖ
1157 2418 1216 2490 τῆς
1239 2414 1405 2496 ἡγεμονίας

235 2512 329 2576 velut
360 2514 379 2591 β
409 2512 451 2575 25
481 2512 521 2575 de
550 2511 797 2576 autochthouia:
836 2519 937 2578 καίττι
964 2518 1018 2602 χρή
1054 2519 1127 2593 τοὺς
1154 2518 1290 2602 εὐλόγως
1327 2522 1409 2603 μέγα

236 2632 419 2712 φρονοῦντας
449 2624 501 2686 καὶ
530 2625 594 2708 περὶ
624 2632 683 2702 τῆς
705 2625 869 2708 ἡγεμονίας
896 2625 1020 2698 δικαίως
1055 2623 1323 2714 ἀμφισβητοῦντας
1359 2627 1413 2688 καὶ

233 2741 293 2795 τῶν
336 2734 465 2816 πατρίων
503 2733 652 2807 πολλάκις
689 2735 896 2816 μεμνημένους
924 2730 1063 2811 τοιαύτην
1093 2731 1186 2818 ἀρχὴν
1213 2739 1267 2794 τοῦ
1297 2736 1411 2817 γένους

240 2837 369 2925 ἔχοντας
391 2838 558 2926 φαίνεσθαι-

328 2942 387 3005 33:
417 2941 457 3004 de
481 2942 669 3004 inventione
693 2939 844 3001 frumenti
872 2945 923 3005 καὶ
958 2947 1015 3028 μὴν
1039 2943 1114 3023 όσης
1140 2947 1279 3025 προςήκει
1313 2953 1419 3030 τιμὴς

238 3055 395 3139 τυγχάνειν
418 3054 491 3127 τοὺς
513 3051 697 3130 τηλικούτων
721 3050 849 3131 ἀγαθῶν
873 3051 986 3126 αἰτίους
1008 3052 1157 3135 περίεργον
1180 3053 1340 3114 διδάσκειν·

324 3154 364 3217 37
408 3152 447 3216 de
488 3151 639 3216 coloniis:
679 3159 777 3220 καίτοι
813 3159 861 3233 τίς
889 3158 925 3219 άν
955 3157 1071 3237 ταύτης
1108 3160 1269 3244 ἡγεμονίαν
1300 3159 1417 3222 ἐπιδεί-

237 3265 312 3340 ξειεν
335 3265 353 3343 ἡ
377 3268 579 3350 πατριωτέραν
602 3272 662 3343 τής
684 3265 823 3349 πρότερον
846 3267 1030 3348 γενομένης;

325 3365 366 3428 57
392 3364 431 3428 de
461 3365 659 3429 Heraclidis:
699 3370 733 3432 ἐκ
761 3372 801 3448 δὴ
830 3370 945 3432 τούτων
974 3370 1074 3454 ῥοίδιον
1101 3372 1250 3447 κατιδεῖν,
1286 3372 1332 3434 ότι
1361 3375 1417 3436 καὶ

235 3472 307 3539 κατ’
334 3456 444 3539 ἐκεῖνοί
466 3479 519 3539 τὸν
542 3479 644 3563 χρόνον
667 3479 685 3556 ἡ
709 3477 797 3549 πόλις
819 3478 1006 3561 ἡγεμονικῶς
1029 3473 1098 3563 εἶχε·

328 3579 370 3642 63
396 3579 435 3642 de
459 3577 595 3662 Argivis
619 3576 835 3663 supplicibus:
860 3583 893 3645 ού
910 3584 1005 3660 δήπου
1026 3583 1148 3668 πάτριόν
1171 3585 1252 3647 ἐστιν
1267 3586 1412 3668 ἡγεῖσθαι

234 3695 308 3766 τοὺς
335 3689 489 3770 ἐπηλύδας
522 3699 582 3753 τῶν
611 3690 803 3776 αὐτοχθόνων
832 3691 902 3753 οὐδὲ
934 3693 1007 3766 τοὺς
1035 3689 1066 3753 ei
1102 3691 1261 3767 παθόντας
1290 3702 1351 3755 τῶν
1374 3692 1408 3756 eh

235 3799 424 3877 ποιησάντων
448 3798 518 3860 οὐδὲ
542 3801 615 3872 τοὺς
639 3799 744 3873 ἱκέτας
766 3802 946 3883 γενομένους
969 3807 1029 3860 τῶν
1052 3798 1288 3882 ὑποδεξαμένων-

325 3899 367 3962 66
393 3898 432 3962 de
448 3897 541 3961 bellis
554 3898 781 3962 barbarorum:
806 3906 893 3967 δοκεῖ
905 3906 941 3966 δέ
958 3926 1007 3988 μοι
1022 3905 1073 3966 καὶ
1089 3906 1152 3989 περὶ
1167 3915 1227 3969 τῶν
1245 3908 1318 3991 πρὸς
1333 3909 1409 3982 τοὺς

236 4010 408 4096 βαρβάρους
432 4035 471 4098 τη
495 4012 580 4073 πόλει
600 4016 809 4097 πεοραγμένων
831 4014 987 4097 προσήκειν
1011 4012 1107 4092 εἰπεῖν,
1132 4011 1238 4089 ἄλλως
1260 4011 1286 4075 τ’
1305 4016 1409 4094 ἐπειδὴ

234 4120 285 4180 καὶ
308 4120 360 4180 τὸν
383 4118 475 4200 λόγον
497 4120 733 4202 κατεστησάμην
761 4119 823 4202 περὶ
846 4125 904 4196 τής
927 4120 1090 4202 ἡγεμονίας
1112 4127 1171 4198 τῆς
1202 4115 1243 4182 ἐπ’
1270 4120 1411 4195 ἐκείνους.

323 4219 490 4283 Plurimus
515 4224 626 4282 curtem
651 4229 700 4282 est
723 4221 757 4282 in
780 4218 869 4282 bello
886 4219 1072 4300 Persarum,
1098 4243 1160 4306 quo
1184 4220 1411 4284 Athenienses

237 4329 360 4411 optime
385 4326 425 4388 de
454 4325 590 4390 Graecis
616 4335 800 4389 meruerant
822 4327 1109 4413 principatumque
1134 4327 1353 4393 obtinuerant.
