3022 5032
650 316 861 416 *23-

166 512 355 576 iudicemus.
367 509 388 594 ¹)
434 510 564 574 Etenim
579 510 633 574 ille
649 512 830 576 rectissime
848 518 964 602 ἀνάγκη
988 521 1056 604 γὰρ,
1080 512 1197 598 inquit,
1222 520 1263 581 τὰ
1288 519 1345 601 μὲν

168 621 282 709 μέγιστ’
322 623 421 686 αὐτῶν
457 621 516 702 ἤδη
553 625 820 710 κατακεχρῆσθαι,
861 630 950 711 μικρὰ
984 621 1060 689 δ’ἔτι
1093 624 1343 712 παραλελεῖφθαι.

166 725 266 812 Apud
282 724 418 808 Lysiam
434 731 545 789 autem
561 725 700 789 eandem
715 728 749 789 in
772 729 970 791 contrarium
993 728 1156 791 detortam
1179 726 1341 791 videmus:

165 837 317 917 τοσαύτην
337 840 395 923 γὰρ
420 837 565 924 ἀφθονίαν
589 839 809 923 παρεσκεύασεν
832 841 850 918 ἡ
874 839 989 901 τούτων
1014 841 1105 925 ἀρετὴ
1131 886 1138 900 .
1165 885 1171 898 .
1199 883 1205 898 .
1231 884 1238 912 ,
1264 842 1344 902 ὥστε

165 944 249 1007 καλοὶ
273 946 327 1028 μὲν
350 945 450 1006 πολλὰ
473 950 538 1018 τοῖς
561 948 714 1030 προτέροις
736 946 798 1030 περὶ
822 945 920 1008 αὐτῶν
937 945 1082 1030 εἰρῆσθαι,
1108 948 1209 1008 πολλὰ
1232 948 1268 1008 δὲ
1291 947 1344 1008 καὶ

170 1052 293 1127 ἐκείνοις
327 1050 581 1136 παραλελεῖφθαι,
615 1052 702 1114 ἱκανὰ
731 1054 767 1115 δὲ
794 1054 846 1115 καὶ
873 1058 939 1127 τοῖς
978 1051 1210 1136 ἐπιγιγνομένοις
1238 1053 1347 1127 ἐξεῖναι

168 1159 264 1222 εἰπεῖν.
312 1153 449 1216 Frustra
473 1162 581 1216 tamen
604 1177 691 1217 nova
714 1157 747 1217 in
771 1154 932 1240 epitaphio
958 1174 1106 1238 quaeras.

255 1279 352 1341 Hanc
385 1288 473 1341 certe
499 1278 678 1342 orationem
701 1281 735 1341 in
758 1301 892 1341 numero
918 1299 1039 1358 earum,
1072 1298 1154 1361 quas
1179 1277 1344 1341 Isocrates

169 1383 256 1465 dicit,
281 1383 385 1447 fuisse
410 1384 541 1446 minime
567 1405 606 1447 ex
630 1383 717 1446 illius
741 1384 850 1446 verbis
876 1383 984 1467 colligi
1007 1394 1123 1470 potest.

259 1490 355 1569 Quod
393 1512 472 1553 vero
501 1489 655 1553 Blassius
683 1494 780 1574 putat
811 1489 1008 1566 Isocratem,
1038 1492 1115 1575 quia
1143 1511 1179 1552 se
1209 1494 1346 1553 excuset

171 1597 303 1662 difficile
331 1618 405 1660 esse
430 1618 518 1659 nova
540 1595 698 1681 proferre,
723 1596 904 1660 concedere
927 1596 1057 1673 furtum,
1087 1596 1210 1680 Lysiae
1234 1594 1342 1680 probi-

167 1715 232 1768 tate
269 1704 405 1767 nimium
443 1702 584 1778 confidit.
631 1704 715 1767 Nam
751 1704 875 1768 etiamsi
911 1703 1014 1766 multo
1051 1711 1127 1766 ante
1162 1703 1345 1766 ,Isocratem

169 1813 273 1890 fuerit,
299 1833 339 1874 ne
364 1817 434 1873 tum
460 1809 592 1896 quidem
614 1810 709 1875 tacile
734 1813 764 1874 ei
786 1810 849 1873 fuit
872 1832 977 1874 novas
1002 1811 1185 1873 sententias
1209 1811 1343 1893 fingere.

168 1919 236 2003 Ipsi
273 1939 403 2004 quoque
440 1917 555 1980 eadem
591 1920 804 1981 excusatione
833 1939 916 2002 opus
944 1915 1013 1982 fuit.
1061 1916 1168 1996 Quam
1200 1918 1228 1979 si
1257 1915 1345 2001 apud

170 2026 349 2088 Isocratem
382 2023 567 2088 invenimus
600 2024 695 2108 (illud
727 2028 874 2102 ὃπάντες
904 2027 1046 2113 θρυλοῦσι
1075 2044 1116 2087 ne
1149 2025 1344 2099 omittamus,

170 2155 265 2217 quem
303 2131 414 2194 locum
448 2129 570 2211 Lysias
607 2132 676 2210 ipse
712 2152 840 2216 quoque
876 2136 1043 2193 mutuatus
1080 2129 1158 2192 nihil
1194 2128 1344 2208 addidit),

170 2237 394 2317 concedemus
428 2236 515 2322 quod
548 2235 635 2321 apud
666 2238 800 2322 Lysiam
832 2259 871 2301 ea
901 2238 1069 2300 excusatio
1098 2235 1200 2312 deest,
1229 2259 1345 2320 parum

172 2346 391 2409 demonstrari
417 2367 490 2407 eum
514 2346 658 2429 priorem
683 2366 766 2407 esse.

260 2452 385 2530 Restat,
411 2461 446 2513 ut
469 2450 508 2514 de
534 2450 648 2536 quinto
672 2460 861 2534 argumento
885 2472 993 2536 pauca
1017 2450 1136 2513 dicam:
1168 2448 1345 2528 laceratae,

173 2558 225 2634 aitp
251 2567 475 2622 cum¹ceteros
501 2567 647 2621 oratores
670 2559 833 2642 vituperet
856 2563 886 2624 ἐν
913 2569 980 2637 τοῖς
1002 2563 1161 2647 προοιμίοις
1189 2581 1344 2644 καταπρα·

172 2669 294 2745 θνοντας
320 2673 394 2745 τοὺς
421 2670 573 2756 ἀκροατὰς
600 2673 651 2731 καὶ
681 2669 954 2756 πρυφασιζομένους
982 2671 1049 2744 κτλ,
1085 2662 1208 2747 etipse
1233 2682 1346 2726 omnes

172 2795 208 2836 se
238 2782 465 2857 superaturum
497 2794 570 2835 esse
603 2770 807 2856 polliceatur,
821 2769 977 2854 JLysiam
1006 2769 1197 2853 significari,
1230 2769 1284 2853 qui
1311 2767 1346 2831 id

171 2879 278 2964 ipsum
311 2889 434 2965 peccet.
482 2879 522 2941 In
546 2900 619 2942 eum
641 2878 743 2959 igitur
766 2878 905 2940 maxime
928 2879 1164 2962 panegyricum
1188 2878 1345 2960 scriptum

173 3008 246 3049 esse
272 2986 410 3071 eiusque
435 2984 633 3070 epitaphium
658 3006 816 3070 superare
840 2983 931 3047 illum
955 2983 1114 3048 voluisse.

264 3091 382 3157 Contra
410 3092 492 3156 haec
517 3091 581 3153 dici
604 3097 758 3177 possunt:
790 3090 934 3153 Primum
960 3091 987 3153 si
1011 3090 1176 3153 Isocrates
1202 3091 1348 3152 oratione

172 3200 305 3282 Lysiam
328 3201 506 3284 praecipue
523 3196 773 3283 impugnaverit,
798 3197 846 3261 ita
862 3202 902 3260 ut
918 3218 990 3259 eum
1008 3196 1114 3260 solum
1129 3196 1163 3259 in
1179 3197 1347 3282 prooemio

172 3318 303 3392 praeter
327 3327 439 3370 omnes
462 3305 607 3390 reliquos
632 3314 767 3378 notaret,
794 3325 927 3390 sperare
952 3302 1028 3366 licet
1051 3304 1150 3366 etiam
1175 3302 1247 3366 aliis
1264 3302 1347 3366 locis

173 3414 328 3476 maxime·
349 3413 406 3489 iis,
444 3411 562 3498 quibus
599 3434 674 3474 cum
709 3409 910 3475 adversariis
946 3409 1121 3495 disceptet,
1157 3408 1191 3472 id
1228 3419 1278 3472 est
1311 3409 1348 3473 in

172 3520 365 3605 panegyrici
394 3519 596 3603 praefatione
629 3519 737 3581 1--19
767 3529 797 3581 et
821 3526 967 3580 extrema
991 3516 1134 3579 oratione
1160 3517 1347 3597 187-189,

173 3618 265 3688 illum
290 3624 476 3709 significari.

264 3735 312 3796 Ac
347 3733 495 3818 profecto
520 3734 537 3814 ξ
563 3734 626 3796 188
661 3731 750 3795 litem
786 3729 1041 3807 commemorari,
1077 3732 1109 3792 in
1136 3753 1199 3814 qua
1227 3731 1349 3813 Lysias

175 3840 331 3903 Isocratis
357 3838 563 3902 adversarius
587 3838 687 3901 fuerit
711 3859 851 3922 eumque
875 3838 998 3912 vicerit,
1016 3837 1129 3919 negari
1145 3860 1210 3900 non
1225 3847 1348 3922 potest;

174 3947 247 4010 dieo
287 3954 360 4037 πρὸς
397 3951 551 4014 Εὐθύνουν
589 3951 757 4036 ἀμάρτυρον
787 3950 806 4027 ἢ
845 3951 908 4034 περὶ
951 3948 1220 4032 παρακαταθήκης,
1279 3943 1346 4008 Sed
1379 3992 1382 3999 .

175 4054 345 4117 audiamus
392 4053 547 4117 Isocratis
593 4053 697 4138 ipsius
749 4052 860 4114 verba.
928 4049 1130 4115 Adhortatur
1176 4060 1248 4132 τοὺς
1294 4059 1350 4141 μὲν

174 4169 313 4250 τράττεν
333 4167 524 4247 δυναμένους.
534 4166 788 4248 παρακαλοῦντας
803 4163 961 4240 ἀλλήλους
976 4162 1134 4247 πειρᾶσθαι
1148 4164 1350 4226 διαλλάττειν

270 4375 287 4433 ¹)
308 4371 342 4424 cf.
363 4371 480 4431 Rhenes,
500 4370 552 4424 Rh.
573 4370 641 4421 Mus.
662 4370 696 4421 38
715 4388 741 4437 p.
763 4368 822 4421 148.
