3022 5032
206 525 338 607 dicitur,
362 548 450 590 nunc
474 526 507 589 id
531 547 604 590 esse
628 525 823 591 conceditur.
872 527 913 589 In
937 525 1100 612 epitaphio
1124 547 1216 609 vero,
1243 549 1317 590 cum
1341 550 1383 593 ea

205 632 379 718 descriptio
415 631 622 697 desideretur
657 635 864 719 scriptorque
901 637 978 696 ante
1014 655 1130 718 pacem
1152 632 1383 699 Antalcideam

206 739 386 804 orationem
410 740 570 826 scriptam
594 762 667 805 esse
684 740 797 825 fingat,
822 742 995 825 negativae
1013 742 1197 804 sententiae
1213 743 1382 825 tyrannis-

205 868 267 933 que
291 846 385 910 locus
410 849 474 910 iam
497 869 563 912 non
587 852 648 911 est.

294 952 464 1040 Sequitur,
497 963 532 1016 ut
556 951 711 1038 epitaphii
734 950 977 1038 paragraphum
1004 952 1047 1018 58
1078 975 1150 1017 cum
1178 953 1382 1040 panegyrico

206 1059 411 1124 conferamus
435 1059 483 1143 (=
507 1058 581 1143 IV).

293 1166 471 1230 Persarum
495 1165 635 1251 pristina
658 1164 842 1228 humilitate
868 1165 1020 1251 exposita
1035 1166 1200 1231 Isocrates
1217 1167 1260 1232 ad
1277 1167 1380 1233 Grae-

205 1295 319 1336 corum
344 1273 561 1338 calamitatem
586 1276 761 1339 orationem
786 1275 901 1354 flectit,
929 1276 1071 1364 quidque
1095 1281 1203 1367 ἑτέρων
1225 1282 1380 1368 ἡγεμόνων

204 1387 423 1448 καταστάντων
446 1383 595 1467 perpessi
619 1384 684 1445 sint
707 1384 851 1468 exponit.
900 1382 1022 1447 Omnia
1058 1385 1176 1469 optime
1210 1381 1374 1469 proposito

205 1486 387 1550 inserviunt
411 1497 443 1550 et
468 1486 615 1552 Graecos
646 1511 711 1552 non
747 1489 873 1552 servari
908 1510 1006 1573 posse
1041 1489 1107 1553 nisi
1129 1474 1377 1553 Atheniensium

205 1593 390 1676 principatu
414 1594 602 1657 ostendunt.
651 1593 743 1674 Quae
768 1617 843 1658 cum
865 1594 911 1658 ita
935 1596 1015 1673 sint,
1046 1600 1157 1687 ἀρετῆς
1179 1594 1379 1660 vocabulum

204 1698 327 1763 nullius
350 1702 503 1765 momenti
527 1706 596 1784 est3
635 1725 708 1766 nam
730 1709 781 1770 καὶ
803 1704 892 1771 ταῦθ’
918 1708 965 1771 ὅτι
986 1710 1039 1771 διὰ
1061 1710 1116 1788 τὴν
1139 1716 1199 1770 τῶν
1229 1708 1379 1794 προγόνων

205 1818 265 1872 τῶν
288 1813 440 1898 ἡμετέρων
464 1813 573 1900 ἀρετὴν
596 1816 694 1890 οὕτως
717 1811 795 1901 εἶχεν
828 1809 908 1873 nihil
941 1809 1030 1875 aliud
1060 1809 1147 1875 11111
1181 1808 1246 1873 1111
1282 1810 1380 1895 „quia

205 1933 305 1996 penes
341 1916 479 1978 maiores
514 1920 645 1979 nostros
679 1918 852 2000 imperium
887 1919 971 1998 erat,
1008 1938 1062 1979 res
1098 1928 1164 1979 tam
1198 1935 1379 2000 prosperae

206 2022 328 2083 erant.“
378 2018 599 2105 Opponuntur
621 2020 725 2104 igitur
747 2023 835 2085 inter
858 2043 893 2084 se
922 2028 949 2090 οἱ
972 2028 1108 2113 πρόγονοι
1131 2027 1159 2091 οἱ
1180 2028 1320 2113 ἡμέτεροι
1344 2024 1381 2085 11

206 2128 234 2190 οἱ
257 2127 352 2215 ἕτεροι
375 2132 532 2216 ἡγεμόνες,
556 2126 781 2214 sententiaque
797 2134 849 2195 καὶ
864 2129 953 2195 ταῦθ’
972 2133 1018 2196 ὅτι
1041 2164 1085 2173 -
1108 2133 1184 2220 ἀρχὴ
1200 2141 1261 2196 τῶν
1275 2142 1380 2196 κακῶν

206 2237 325 2324 ἐγένετο
349 2234 437 2318 prior
460 2256 552 2318 pars,
586 2257 649 2320 qua
671 2235 845 2299 Persarum
868 2234 1036 2299 humilitas
1061 2234 1276 2315 describitur,
1302 2256 1379 2298 cum

204 2340 400 2425 insequenti,
426 2362 510 2425 quae
535 2351 583 2404 est
600 2340 639 2405 de
655 2340 833 2405 Persarum
850 2346 921 2404 tum
939 2341 1137 2419 condicione,
1163 2341 1377 2425 coniungitur.

294 2445 462 2533 Epitaphii
481 2448 626 2531 scriptor,
652 2468 725 2510 cum
742 2445 989 2531 dispositionem
1004 2446 1197 2532 panegyrici
1212 2456 1379 2533 sequatur,

204 2555 276 2639 ipse
302 2576 430 2641 quoque
453 2559 604 2640 tempora
631 2559 760 2618 mutata
790 2554 945 2642 queritur.
993 2555 1116 2619 Tamen
1153 2578 1227 2620 cum
1261 2554 1381 2619 laudes

205 2660 461 2725 Atheniensium
483 2661 546 2725 sibi
564 2663 751 2727 tractandas
768 2664 976 2748 proposuerit
991 2662 1273 2749 principatumque
1289 2662 1381 2726 initio

204 2769 279 2833 ideo
302 2772 430 2832 tantum
455 2771 770 2846 commemoraverit,
806 2779 842 2832 111
868 2769 945 2834 inde
968 2768 1082 2833 laudes
1105 2772 1284 2854 repeteret,
1320 2790 1380 2833 suo

204 2874 274 2939 iure
298 2880 411 2967 ἀρετῆς
433 2875 595 2940 vocabulo
619 2878 793 2940 maximam
818 2878 886 2939 vim
910 2875 1022 2939 tribuit
1045 2880 1080 2939 et
1094 2876 1253 2940 Isocratis
1276 2874 1378 2939 verbs

204 2982 250 3045 ita
273 2984 387 3046 vertit:
413 2986 567 3063 ἐπέδειξαν
589 2989 625 3049 δὲ
647 2988 698 3050 καὶ
721 2990 752 3050 ἐν
775 2993 846 3062 ταῖς
866 2988 1043 3074 δυστυχίαις
1057 2988 1113 3066 τὴν
1130 2986 1246 3095 ἑαμὲῶν
1262 2987 1378 3074 ἀρετήν.

205 3087 272 3166 Qui
294 3111 372 3153 vero
398 3088 446 3152 sic
471 3088 647 3169 exorditur,
673 3110 746 3152 eum
769 3087 941 3173 praeclara
964 3087 1050 3151 facta
1074 3098 1281 3152 narraturum
1307 3108 1381 3153 esse

204 3204 292 3259 recte
316 3197 498 3280 putaveris,
537 3195 654 3280 quibus
678 3194 876 3280 intrepidum
900 3217 981 3259 casu
1005 3193 1208 3259 devictorum
1236 3195 1381 3258 animum

205 3323 398 3385 cognoscas,
423 3301 519 3366 velut
543 3302 744 3386 Thrasybuli
766 3303 915 3379 reditum,
940 3324 1106 3366 murorum
1127 3302 1379 3366 exstructionem

205 3407 282 3473 alia.
328 3408 437 3494 Atque
462 3407 671 3472 obversatam
696 3430 769 3471 csse
794 3409 885 3471 initio
912 3430 983 3471 eam
1007 3407 1201 3472 sententiam
1226 3406 1379 3492 scripttrri

204 3514 281 3579 inde
305 3514 534 3598 intellegimus,
572 3514 657 3600 quod
691 3513 776 3577 infra
810 3513 889 3577 talia
916 3513 1033 3578 attulit.
1083 3513 1264 3594 Quominus
1298 3534 1379 3577 vero

205 3624 315 3686 statim
337 3629 415 3707 post
438 3622 522 3685 illud
545 3620 713 3686 exordium
736 3643 775 3687 ea
798 3633 960 3701 narraret,
991 3623 1147 3686 Isocratis
1177 3621 1378 3707 panegyrico

204 3730 379 3815 impeditus
405 3736 465 3793 est.
512 3727 599 3793 Nam
621 3729 745 3793 utiam
770 3752 868 3814 supra
897 3736 958 3810 τὰς
987 3736 1091 3809 πόλεις
1114 3726 1240 3793 frustra
1262 3729 1296 3793 11
1323 3735 1380 3813 τὴν

205 3842 321 3905 ἑαυτῶν
344 3842 474 3927 πατριδα
497 3841 640 3899 mutatas
666 3856 738 3899 esse
762 3835 919 3917 vidimus,
956 3837 1107 3922 quoniam
1132 3857 1184 3912 ea,
1222 3857 1305 3922 quae
1329 3856 1379 3899 se-

205 3949 365 4030 quuntur,
402 3968 467 4010 nou
489 3946 567 4009 item
591 3943 633 4009 ad
655 3967 773 4010 nevam
806 3944 1000 4010 sententiam
1030 3943 1198 4025 formavit,
1235 3946 1282 4007 111
1316 3943 1380 4007 hoc

205 4073 335 4138 quoque
358 4050 430 4116 loco
455 4050 658 4136 ineptissime
683 4050 730 4116 sic
753 4053 879 4137 pergit:
916 4055 1111 4141 ἀπολομένων
1142 4058 1200 4142 γὰρ
1224 4063 1285 4118 τῶν
1308 4063 1382 4117 νεῶν

207 4167 237 4229 ἐν
258 4165 477 4250 Ἑλλησπόντῳ
510 4211 517 4223 .
544 4210 550 4223 .
577 4210 584 4223 ·
619 4167 670 4229 καὶ
701 4172 857 4253 συμφορᾶς
888 4162 1007 4242 ἐκείνης
1040 4165 1186 4250 μεγίστης
1216 4165 1383 4246 γενομένης

204 4275 256 4336 καὶ
279 4276 347 4355 ἡμῖν
374 4281 439 4348 τοῖς
466 4274 672 4359 δυστυχήσασι
694 4273 745 4334 καὶ
767 4277 833 4346 τοῖς
861 4267 969 4345 ἄλλοις
987 4269 1136 4350 Ἕλλησιν
1159 4268 1321 4347 ἐδήλωσαν
1346 4267 1380 4331 οὐ

205 4382 308 4465 πολλῷ
324 4382 419 4467 χρόνῳ
436 4382 557 4467 ὕστερον
581 4373 628 4461 (=
652 4381 717 4465 ἅμα
735 4372 823 4458 apud
838 4372 1023 4437 Isocratem
1032 4370 1064 4457 l),
1089 4376 1137 4439 ὅτι
1151 4377 1171 4454 i,
1187 4382 1246 4455 τῆς
1260 4376 1382 4450 πόλεως
