3022 5032
813 279 855 343 20

332 472 422 535 Aesi
433 474 635 557 superiorem
644 473 749 538 locum
764 474 860 557 (11.1.)
875 496 891 539 e
908 474 1032 559 Gorgia
1049 487 1213 562 sumptum
1226 499 1299 542 esse
1313 482 1421 566 suspi-

154 661 156 665 .
241 578 413 655 oabamm,
445 578 508 643 hoc
537 578 580 662 (n.
606 581 651 655 2.)
679 583 713 644 in
738 604 812 644 eum
844 580 953 645 invehi
978 582 1203 647 demonstrare
1228 607 1416 671 possumus,

241 685 368 748 Etenim
394 708 473 750 casu
498 686 639 770 quodam
660 686 749 773 apud
768 686 980 752 scholiastam
1007 689 1050 752 ad
1073 690 1170 754 Hom.
1199 694 1223 758 Δ
1251 692 1316 756 450
1336 693 1422 758 haec

239 790 341 854 verba
358 803 490 857 servata
513 798 606 856 sunt:
631 799 746 884 οἰμωγή
769 800 878 862 τεκαὶ
902 793 1033 886 εὐχωλὴ]
1059 803 1194 888 Γοργίας
1220 806 1418 890 ἀνεμίσγονεο

238 904 274 966 δὲ
302 906 403 980 λιταῖς
431 905 552 968 ἀπειλαὶ
575 907 626 968 καὶ
655 906 758 992 εὐχαῖς
788 907 923 991 οἰμωγαί.
973 902 1077 986 Igitur
1107 905 1246 989 Gorgias
1277 929 1417 971 commo·

238 1027 315 1069 vere
340 1029 399 1069 nos
425 1017 570 1087 conatur,
595 1014 633 1071 ut
649 1007 900 1071 Atheniensium
924 1018 955 1073 et
977 1011 1193 1074 misereamur
1216 1013 1419 1100 eosdemque

237 1116 375 1198 propter
414 1112 569 1177 virtutem
611 1112 817 1177 admiremur.
882 1114 1054 1194 Quomodo
1086 1127 1194 1181 autem
1223 1118 1276 1181 ille
1309 1120 1417 1183 diver-

238 1217 386 1282 sissimas
404 1219 587 1283 sententias
605 1219 812 1285 coniunxerit
834 1220 898 1284 dici
920 1244 985 1284 non
1001 1229 1118 1308 potest.
1165 1224 1282 1307 Lysias
1310 1232 1414 1301 certe,

238 1327 294 1410 qui
317 1325 543 1399 admirationis
568 1332 602 1390 et
628 1327 874 1391 misericordiae
899 1328 1038 1392 affectus
1057 1328 1214 1413 Gorgiam
1237 1329 1414 1394 manifesto

237 1442 368 1509 secutus
403 1433 606 1518 permiscuit,
638 1434 854 1518 inopportune
877 1433 962 1514 fecit,
992 1434 1076 1519 quod
1103 1437 1136 1497 in
1159 1434 1412 1499 Atheniensium
1462 1501 1464 1507 ,

238 1536 391 1602 laudibus
407 1538 518 1602 fletum
537 1549 568 1602 et
583 1542 757 1602 amentiam
774 1541 895 1603 civium
910 1544 1000 1603 metu
1011 1542 1076 1604 iarn
1089 1562 1193 1627 paene
1206 1541 1415 1607 delirantium

236 1643 403 1708 describit.

324 1769 437 1856 ltaque
469 1772 621 1855 quoniam
651 1772 786 1855 Lysiam
821 1771 883 1836 hoc
917 1772 990 1836 loco
1022 1771 1180 1857 Gorgiam
1216 1773 1414 1858 spoliavisse

236 1888 383 1961 apparet,
421 1876 494 1961 quis
525 1886 632 1961 neget,
671 1877 765 1940 etiarn
796 1877 859 1954 illa,
898 1901 982 1961 quae
1015 1879 1055 1941 de
1087 1902 1222 1965 paeane,
1260 1881 1410 1956 clamore,

236 1985 370 2047 navium
393 1984 524 2069 fragore
554 1983 642 2070 apud
665 1985 800 2067 Lysiam
832 1982 978 2066 legimus,
1012 1987 1045 2046 in
1071 1985 1215 2069 Gorgiae
1247 1986 1414 2071 epitaphio

235 2090 359 2154 fuisse?
404 2090 624 2177 Epidioticum
642 2100 804 2155 oratorem
821 2112 892 2154 eam
915 2093 1121 2153 occasionem
1145 2095 1247 2155 verba
1269 2091 1414 2155 faciendi

233 2198 495 2281 praetermisisse
513 2192 663 2283 equidem
686 2221 752 2260 non
777 2196 882 2262 credo.
930 2197 1046 2280 Itaque
1072 2197 1100 2259 si
1125 2218 1189 2281 qna
1212 2200 1411 2283 vituperatio

235 2303 393 2367 Isocratis
424 2305 535 2367 verbis
567 2305 663 2381 inest,
698 2309 868 2368 auctorem
900 2302 1059 2386 Gorgiam
1091 2325 1187 2387 quam
1218 2306 1411 2369 imitatorem

233 2409 368 2492 Lysiam
407 2412 588 2493 vituperari
627 2409 834 2495 verisimilius
874 2420 931 2473 est.
995 2408 1092 2487 Quod
1136 2411 1220 2474 enim
1259 2410 1411 2476 Blassius

233 2515 392 2577 Isocratis
425 2514 526 2577 verba
556 2518 663 2600 aptius
694 2513 811 2578 cadere
840 2515 874 2577 in
897 2515 1032 2598 Lysiam
1061 2537 1158 2601 quam
1188 2518 1222 2579 in
1252 2517 1409 2602 Gorgiam

232 2621 321 2697 dicit,
348 2621 493 2706 Gorgiae
517 2623 621 2686 verba
645 2621 775 2685 omnino
801 2633 933 2685 servata
961 2644 1025 2685 non
1057 2633 1138 2686 sunt.
1187 2623 1285 2688 Gerte
1314 2625 1412 2710 plura

232 2727 271 2789 de
296 2728 420 2812 proelio
446 2728 623 2792 Salaminio
647 2729 778 2793 locutus
808 2733 861 2791 est
890 2750 987 2813 quam
1016 2734 1211 2819 ἀνεμίσγοντο
1239 2738 1275 2798 te
1304 2737 1405 2812 λιταῖς

232 2839 352 2903 ἀπειλαὶ
375 2841 426 2902 καὶ
450 2841 553 2927 εὐχαῖς
576 2841 711 2927 οἰμωγαί.
726 2836 745 2919 1)

322 2959 440 3045 Itaque
454 2961 480 3023 si
496 2962 667 3045 quisquam
677 2963 891 3045 vituperatur,
906 2959 1062 3043 Gorgiam
1078 2961 1165 3046 carpi
1179 2972 1265 3046 puto.
1283 2963 1408 3025 Tamen

232 3089 298 3129 non
323 3066 506 3146 doluerunt,
544 3068 599 3152 qui
625 3067 806 3131 Isocratem
837 3089 1032 3153 quemquam
1064 3067 1128 3131 illis
1159 3068 1269 3131 verbis
1298 3090 1409 3153 repre-

231 3172 374 3236 hendere
399 3176 496 3260 plane
524 3174 760 3258 negave1·int.'²)
806 3173 933 3237 Etenim
962 3184 998 3236 ut
1028 3184 1078 3237 est
1111 3197 1257 3237 summus
1289 3185 1409 3254 orator,

233 3279 361 3344 fabulas
396 3304 462 3343 non
497 3280 680 3345 fabularum
717 3304 816 3344 causa
854 3284 980 3356 narrat,
1022 3279 1080 3343 sed
1119 3294 1154 3343 ut
1189 3280 1409 3343 Athenienses

231 3389 419 3473 principatu
456 3388 571 3472 dignos
611 3408 684 3450 esse
724 3387 935 3450 demonstret.
999 3387 1260 3471 Descriptionem
1300 3398 1407 3450 autem

229 3493 356 3578 proelii,
396 3495 461 3558 etsi
495 3495 575 3558 nihil
609 3497 750 3582 pertinet
782 3494 822 3557 ad
857 3496 1079 3579 propositum,
1121 3496 1269 3558 omittere
1300 3494 1408 3557 noluit

231 3600 401 3686 figmaque
440 3602 681 3686 praeteritionis
722 3607 954 3666 commemorat
1026 3598 1122 3680 Quod
1161 3601 1188 3663 si
1226 3603 1408 3669 statuimus,

229 3711 392 3772 sententia
420 3715 474 3776 οὐκ
510 3711 567 3776 ott’
602 3715 658 3786 tat
688 3713 820 3798 λέγοντα
850 3715 900 3776 δεῖ
924 3712 1084 3799 διατρίβειν
1115 3707 1196 3770 nihil
1227 3707 1315 3771 aliud
1345 3708 1409 3771 sibi

228 3815 298 3878 vult
328 3816 390 3879 nisi
420 3817 588 3902 superiora
613 3839 687 3878 cum
711 3815 868 3901 proximis
892 3815 1002 3878 verbis
1028 3824 1197 3877 conectere
1228 3819 1247 3880 ἃ
1277 3815 1305 3880 δ’
1328 3817 1408 3882 ἔστιν

226 3924 291 3990 ἴδια
316 3929 379 3988 etc.
428 3923 524 4002 Quod
554 3933 589 3985 ut
621 3925 789 3986 confirmet
812 3922 976 3984 Eokertus
1000 3920 1174 4003 Euagorae
1199 3921 1277 4002 §31
1303 3922 1407 4003 affert,

228 4029 285 4092 ubi
302 4029 439 4093 eandem
454 4029 592 4114 figuram
609 4029 804 4093 invenimus,
840 4028 955 4092 Addas
970 4049 1085 4114 paneg.
1101 4027 1141 4091 51
1156 4033 1203 4095 ἵνα
1215 4034 1250 4094 δὲ
1268 4035 1308 4117 μὴ
1321 4036 1408 4096 δοκῶ

318 4243 337 4308 ¹)
358 4242 392 4295 cf.
413 4241 631 4295 Philostratum:
661 4239 793 4310 ἐνδιέτριψε
813 4241 841 4295 δὲ
859 4246 910 4305 τοῖς
933 4247 982 4294 τῶν
1002 4245 1123 4308 Μηδικῶν
1147 4238 1271 4307 τροπαίων
1291 4236 1408 4300 ἐπαίνοις.

318 4331 337 4390 ²¹)
357 4331 493 4384 Eckertus
512 4350 538 4400 p.
559 4331 593 4383 28
